2940 4570
775 351 787 434 l
816 354 911 435 ι72)
1162 455 1168 471 s

329 509 341 540 r
367 483 685 552 cedentemdixissc:
702 487 851 564 Intuere,
866 487 981 554 dilecta
997 488 1121 563 anima,
1138 482 1353 574 pulchritudi-

328 619 341 650 ι)
364 615 438 657 nem
450 592 613 681 quamtibi
627 595 822 682 comparavi3
840 594 996 682 simulque
1009 593 1137 661 delicias
1154 590 1350 660 ostendisse;

328 725 340 756 »
362 719 500 784 moxque
512 711 734 764 accurrentem
750 698 963 764 humilitatem
975 700 1018 764 ita
1033 723 1105 764 eam
1120 695 1329 788 compellasse
1344 718 1353 757 :

327 827 340 860 ι
363 801 477 889 Aspice
490 802 624 878 ,anima
646 803 715 868 Deo
736 827 831 878 cara,
849 805 942 893 cujus
966 804 1053 870 modi
1080 829 1139 893 ego
1161 803 1219 868 tibi
1242 801 1354 867 locum

327 932 340 964 r
363 906 477 992 quietis
499 909 659 972 exornavi.
690 908 774 974 Tum
802 921 931 976 caetcras
948 915 1069 974 omnes
1090 901 1275 998 singillatim
1300 928 1356 970 re-

327 1011 521 1076 »censuisse
537 1009 835 1099 demonstrtsseque
847 1013 976 1100 praemia
986 1041 995 1088 ,·
1007 1037 1077 1100 quae
1093 1013 1158 1100 jam
1174 1010 1264 1086 inde,
1278 1014 1355 1076 cum
1455 1027 1456 1040 ¹

327 1143 339 1178 s
364 1116 403 1180 ab
424 1117 499 1206 ipset,
521 1115 628 1180 adhuc
654 1116 689 1183 in
722 1137 857 1206 corpore
887 1117 1236 1206 excolerentur·atque
1262 1140 1357 1181 exer-

294 1243 295 1252 *
327 1252 340 1284 »
363 1235 537 1297 cerentur,
568 1221 601 1286 in
630 1221 774 1289 futurum
795 1225 1035 1312 comparabant.
1056 1223 1302 1291 Odecantanda
1324 1237 1357 1288 et

326 1325 488 1390 »imitatu
519 1322 701 1408 dignissima
721 1327 887 1416 'emigratio
918 1326 977 1392 10
1005 1349 1091 1392 mors
1117 1325 1267 1415 lacrymis
1289 1349 1357 1392 non

326 1459 339 1492 »
362 1431 507 1520 indigens
527 1435 539 1496 l
556 1427 586 1497 Ο
601 1432 758 1520 separatio
780 1443 922 1520 optatam
946 1432 1132 1498 societatem
1153 1430 1353 1498 conciliaus!

327 1535 392 1600 »0
427 1539 600 1614 transitus,
640 1537 733 1624 cujus
772 1549 991 1602 transeuntem
1032 1537 1165 1602 minimo
1198 1536 1352 1624 poenitet!

327 1653 345 1702 u
365 1639 503 1708 Ofuuus
527 1645 631 1710 omnis
658 1639 776 1708 doloris
800 1654 906 1732 ,atque
926 1629 1079 1708 molestiae
1107 1644 1242 1730 expers!
1268 1642 1354 1706 Dum

326 1775 347 1810 s.
363 1750 449 1815 euim
461 1752 673 1840 ipsiusmores
689 1750 899 1838 suspicimus,
916 1748 1167 1814 consolationem
1188 1748 1263 1814 iude
1279 1770 1354 1836 per·

328 1856 508 1944 »cipimus
532 1857 678 1925 Aliorum
702 1857 819 1946 quippe
844 1855 1013 1920 hominum
1034 1847 1119 1920 mors
1144 1853 1280 1942 illisqui
1301 1878 1353 1919 re-

327 1991 339 2024 »
362 1959 565 2054 linquuntur,
578 1963 778 2054 lacrymandi
791 1963 1049 2052 praeheteausam
1064 1961 1283 2028 :Sanctorum
1296 1986 1354 2028 arra

327 2095 340 2129 ι
362 2079 429 2132 tom
443 2066 586 2136 laetitiam
604 2068 698 2134 nobis
717 2066 1001 2154 celebritatemque
1016 2065 1204 2133 conciliat.»
1233 2067 1349 2153 (Orat.

328 2175 367 2237 in
381 2175 417 2240 S.
436 2174 569 2264 Epir.)

372 2278 487 2344 Statim
504 2293 576 2370 post
595 2293 733 2347 mortem
751 2281 838 2348 sestis
861 2294 1032 2346 exornatus
1048 2292 1120 2355 est,
1145 2279 1353 2368 ejusdemque

330 2384 362 2450 S.
383 2383 527 2475 Gregorii
544 2387 677 2476 Nysseni
700 2387 893 2478 panegyrico
921 2410 1068 2453 sermone
1087 2386 1275 2461 decoratus,
1293 2408 1353 2472 quo

328 2490 383 2556 tali
399 2494 543 2558 oratione
564 2495 730 2560 invocatur
753 2519 761 2560 ε
786 2495 973 2571 «necubi,
989 2507 1118 2584 petrum
1130 2493 1250 2581 optime
1265 2515 1354 2557 mun-

329 2625 342 2658 »
367 2597 464 2686 alique
476 2598 591 2664 doctor
602 2597 794 2674 clarissime,
807 2598 938 2664 laudum
946 2599 1108 2689 'praeconia
1120 2599 1225 2664 audax
1233 2597 1352 2688 lingua,

330 2731 343 2765 ι
367 2715 403 2768 ut
417 2701 491 2769 vilia
504 2701 858 2770 munuscula,oll'ert....
879 2703 928 2770 Tu
945 2717 1053 2770 autem
1065 2705 1172 2770 divino
1188 2705 1255 2792 jam
1268 2706 1353 2770 assis-

330 2836 343 2869 »
367 2805 871 2894 tensaltarivitrequeprincipiac
887 2807 1247 2872 sanctissimaeunoeum
1256 2807 1353 2897 Ange

331 2941 343 2975 s
367 2909 405 2976 lis
418 2911 611 2978 sacrificans.
623 2911 790 2986 Trinitati,
816 2914 961 2978 omnium
982 2917 1127 2978 nostrum
1144 2913 1351 2999 memineris,

331 3045 344 3104 p
369 3017 557 3104 veniamque
578 3017 899 3105 nobissspeccatorum
929 3019 1084 3108 impetra,
1111 3021 1353 3108 ut-sempitermi

239 3151 241 3160 ¹
332 3151 345 3185 s
367 3120 503 3189 coelestis
515 3122 809 3210 regniheatitudine
824 3123 946 3211 perfrui
962 3125 1128 3212 possimus.
1147 3152 1159 3185 s

268 3209 289 3225 μ
375 3227 459 3293 Hinc
481 3220 615 3312 celebris
630 3229 709 3318 ⁴ejus
732 3228 900 3294 veneratio·
916 3235 986 3293 tum
1010 3228 1097 3317 apud
1123 3227 1277 3305 Graecos,
1302 3231 1355 3319 qui

237 3393 240 3399 .
312 3333 402 3422 ‚ejus
418 3335 607 3400 memoriam
626 3335 666 3400 28
682 3335 819 3423 januarii
835 3334 887 3399 die
903 3332 1075 3410 recolunt,
1091 3332 1353 3424 tlrmapudLati-
1383 3315 1389 3332 ⁶

334 3463 415 3516 nos,
436 3441 491 3528 qui
511 3444 549 3506 18
565 3441 718 3507 februarii
737 3441 859 3506 diuum
879 3440 1095 3517 honoratum,
1119 3440 1214 3506 hodie
1232 3466 1251 3528 9
1268 3440 1351 3530 julii,

273 3551 278 3556 '
334 3550 525 3632 quinorum
550 3546 644 3612 Bedae
668 3544 932 3634 martyrologium
952 3545 1023 3634 ejus
1040 3544 1158 3610 natalia
1186 3555 1351 3621 recenset,

335 3649 527 3716 Sanctorum
537 3651 625 3717 cultu
637 3664 884 3741 prosequuntur.
938 3657 941 3662 '

333 3787 336 3794 ¹
380 3755 513 3844 Scripsit
524 3761 568 3822 r.'⁰
583 3759 615 3822 in
624 3757 824 3846 Scripturam
836 3779 960 3824 sacram
973 3756 1226 3822 commentarios
1231 3783 1245 3835 ;
1258 3756 1356 3822 cr-Do

291 3859 298 3871 ⁶
335 3863 543 3954 dogmatibus
571 3861 816 3953 plures'coutru
844 3863 996 3940 Arianos,
1027 3864 1220 3938 Eunomios,
1258 3863 1354 3930 Mani-
