2956 4586
789 249 902 392 <ot

337 471 350 504 s
382 467 451 510 esse
462 443 620 532 opinatus.
632 441 731 510 Perre
743 447 818 510 eirm
830 443 1004 534 impensiba
1016 443 1122 511 adhuc
1134 443 1258 510 animus
1272 459 1363 506 meus

338 576 351 608 v
383 547 518 623 audire,
540 547 627 636 quod
647 545 857 637 philosophiae
871 549 1038 638 proprium
1054 559 1151 638 atque
1164 545 1364 638 praeeipuum

337 682 350 716 v
383 666 455 729 est,
474 666 659 743 expeteret,
676 653 717 722 ad
732 655 983 746 Pythagoricum
993 655 1167 743 quemdem
1180 651 1289 742 magni
1304 673 1365 716 no·

336 788 349 822 r
382 759 498 837 minis,
519 758 677 850 multique
696 761 729 830 in
749 762 903 850 sapientie
921 760 1080 851 supercilii
1098 761 1203 828 virum
1225 756 1362 828 accessit

336 895 350 929 v
381 879 413 932 et
429 891 505 934 eum
520 891 581 947 eo,
601 869 728 935 auditor
749 868 819 958 ejus
835 883 869 935 et
886 869 1048 936 familiaris
1064 893 1133 936 esse
1149 867 1276 944 volens,
1300 865 1360 954 egi.

338 1003 350 1036 v
381 974 431 1040 lbi
443 999 451 1040 ε
463 973 561 1063 quid,
576 974 680 1064 inquit
692 971 975 1052 ille,versatus-ne
988 999 1021 1042 es
1033 976 1065 1042 in
1073 974 1209 1052 musice,
1219 985 1251 1039 et
1262 984 1365 1038 estro-

281 1079 284 1106 ¹
337 1104 349 1140 a
381 1079 504 1156 nomiri,
519 1091 551 1145 et
565 1072 763 1170 geometriae?
775 1077 825 1144 dn
838 1079 998 1144 existimas
1009 1079 1185 1168 quidquam
1198 1089 1229 1142 te
1241 1075 1366 1166 perspi-

337 1193 349 1248 t
381 1204 455 1253 cere
468 1206 581 1252 eorum
595 1209 687 1275 posse
700 1207 770 1274 quse
782 1185 823 1251 ad
833 1185 1066 1251 beatitudinem
1080 1184 1286 1261 conducunt,
1303 1183 1364 1248 nisi

339 1319 352 1354 r
383 1287 453 1358 haee
476 1293 565 1384 pries
587 1291 796 1380 cognoveris,
821 1313 891 1378 quae
911 1289 1056 1355 enimam
1073 1295 1091 1353 e
1107 1287 1308 1355 sensibilibus
1324 1286 1365 1352 ed

337 1425 349 1460 e
382 1395 593 1487 intelligibilia
623 1393 830 1486 percipienda
857 1407 968 1484 aptum
995 1395 1266 1484 commodumque
1291 1393 1365 1460 red-

337 1531 350 1566 »
381 1503 481 1580 dunt,
496 1517 530 1568 ut
542 1503 575 1569 id
590 1503 694 1591 ipsum
713 1501 800 1591 quod
811 1499 984 1590 pulchrum
1007 1513 1040 1567 et
1057 1499 1278 1591 quodbonum
1294 1511 1364 1577 est,

337 1640 349 1676 r
382 1610 595 1701 contemplari
607 1609 731 1698 queasi'
747 1609 787 1674 Et
807 1615 881 1675 cem
900 1609 1004 1675 studia
1024 1633 1061 1676 ea
1078 1615 1281 1699 summopere
1296 1605 1365 1673 lau·
1455 1603 1456 1656 ἶ

340 1747 353 1782 v
385 1717 491 1784 desset
504 1768 514 1794 ,
529 1717 770 1805 necessariaque
786 1739 823 1782 aa
840 1715 987 1793 dixisset,
1011 1735 1064 1782 me
1081 1717 1123 1782 ite
1139 1723 1157 1781 e
1174 1737 1207 1782 se
1222 1715 1363 1785 dimisitt
1455 1711 1456 1722 ¹

339 1855 351 1888 a
383 1849 458 1891 nam
479 1847 532 1891 me
551 1823 677 1891 nescire
698 1823 863 1890 consessus
879 1847 961 1888 sum.
984 1823 1081 1912 AEgre
1098 1823 1194 1914 igitur
1206 1821 1269 1889 hoc
1282 1821 1364 1897 tuli,
1455 1853 1456 1912 3

338 1960 350 1994 ι
381 1929 464 1996 sieut
480 1951 539 2018 par
556 1939 649 2004 erat,
670 1925 758 2016 quod
774 1917 834 2016 ¹spe
850 1927 1060 2004 excidissem,
1080 1927 1175 2016 idque
1191 1933 1229 1993 ee
1244 1927 1364 2018 magis,

337 2063 351 2098 a
383 2036 471 2124 qued
486 2035 569 2102 seire
585 2033 677 2100 illum
699 2023 818 2122 aliquid
836 2043 994 2124 putarent.
1017 2034 1065 2102 Ao
1088 2041 1216 2101 rursiam
1239 2047 1366 2124 tempus
1455 2095 1456 2122 q

337 2171 350 2205 s
382 2141 488 2231 ipsum
505 2163 636 2208 meeum
654 2139 879 2216 considerans,
897 2141 983 2230 quod
995 2141 1026 2206 in
1043 2139 1215 2229 disciplinis
1230 2141 1275 2206 eis
1291 2161 1367 2206 con·
1455 2123 1456 2132 ἵ

336 2274 350 2309 a
380 2243 552 2312 terendum
570 2256 663 2320 erat,
686 2267 754 2310 rem
777 2243 902 2337 longiirs
920 2243 1049 2311 differre
1069 2266 1134 2311 non
1155 2246 1301 2312 sustinui.
1328 2246 1367 2313 Iu
1455 2295 1456 2342 1

336 2379 350 2414 s
382 2351 568 2442 hujusmodi
592 2356 668 2418 vere
689 2349 813 2418 consilii
830 2351 937 2441 inopie
957 2351 1112 2441 placitum
1133 2351 1211 2418 mihi
1227 2363 1276 2417 est
1290 2373 1366 2417 eum
1455 2345 1456 2352 ἵ

335 2485 348 2520 v
379 2451 888 2547 Pletonieisquoqueeonverseri.
900 2459 1011 2546 ltaque
1023 2459 1056 2524 in
1071 2459 1150 2524 urbe
1165 2461 1273 2542 nostre
1289 2480 1364 2524 eum

336 2590 349 2623 r
380 2563 448 2628 viro
460 2557 611 2650 prudenti
628 2576 724 2649 atque
735 2561 819 2626 inter
830 2559 1011 2626 Platonicos
1023 2559 1192 2628 excellenti
1208 2611 1217 2638 ,
1234 2563 1364 2649 quinon

334 2694 347 2730 v
378 2659 425 2734 ite
438 2666 563 2756 pridem
576 2673 615 2732 ee
633 2681 845 2742 convenerat,
870 2659 1044 2756 plurimum
1062 2669 1128 2745 sui,
1148 2669 1297 2757 promovi
1307 2665 1317 2746 ,¹
1333 2679 1366 2734 et
1426 2671 1435 2680 ’

335 2805 358 2860 v¹
379 2775 517 2841 maxime
538 2775 680 2864 quotidie
705 2777 800 2842 crevi.
820 2771 922 2844 Valde
938 2799 991 2842 me
1010 2774 1191 2842 delectabat
1209 2776 1367 2868 incorpo-

335 2873 347 2944 »ὲ
379 2901 508 2948 reorum
521 2875 630 2956 notie,
655 2893 687 2945 et
702 2877 846 2946 idearum
863 2879 1090 2969 contemplatio
1101 2893 1244 2946 mentem
1259 2903 1367 2947 meam

334 2981 347 3052 i
379 2989 469 3078 quasi
482 2987 538 3054 alis
551 2981 743 3075 quibusdam
755 2986 848 3053 eltibs
861 2985 1033 3071 evehebat,
1050 2997 1144 3074 atque
1160 2987 1244 3052 intre
1267 2985 1365 3054 breve

335 3099 347 3160 v
378 3101 505 3186 teinpus
532 3095 709 3184 sapientem
739 3117 792 3161 me
823 3117 892 3160 esse
915 3093 1038 3160 factum
1065 3093 1187 3170 rebar,
1215 3091 1366 3216 illieeque

334 3203 483 3280 »Deum
513 3215 759 3292 perspecturum
786 3225 853 3269 esse
881 3223 940 3291 per
965 3198 1097 3268 stultam
1122 3202 1363 3291 persuasionem

334 3338 346 3371 a
358 3298 553 3416 ¹sperabam.
608 3323 633 3338 ‘'

368 3418 389 3479 ¹»
411 3415 472 3482 Ad
490 3418 576 3483 hune
588 3415 721 3483 modum
735 3415 981 3484 affeetomilri
954 3441 1056 3485 vrsum
1071 3415 1243 3506 aliquande
1255 3429 1305 3483 est
1316 3441 1365 3484 so-

334 3551 346 3584 »
345 3509 741 3644 lrtudrneprolrxrbsutr
751 3524 1062 3592 etvvtarehomrnum
1071 3525 1211 3614 vestigia
1223 3522 1365 3590 Proinde

334 3657 346 3687 v
377 3609 485 3692 locum
500 3629 673 3714 quemdem
685 3629 766 3693 meri
784 3651 964 3717 proximum
974 3630 1071 3718 petn
1088 3636 1189 3717 equo
1206 3631 1283 3694 cum
1300 3651 1367 3694 non

332 3761 344 3792 v
375 3717 514 3797 multum
526 3732 691 3808 abessem
706 3745 742 3798 ut
754 3733 865 3800 solus
855 3757 922 3822 rpse
934 3757 1063 3800 mecum
1075 3755 1224 3822 agerem
1238 3731 1365 3800 vetulus

332 3827 506 3927 »quidem
533 3829 628 3904 senex
654 3853 786 3929 aspectu
814 3839 947 3908 minime
974 3837 1250 3915 contemnendus,
1275 3836 1365 3904 lenes
