2960 4592
580 325 753 411 (577)Ι

140 455 381 544 reprobabant,
403 455 514 545 utpote
543 481 612 545 qnae
631 456 779 524 nullam
769 468 854 544 ¹mter
872 467 990 521 statum
1016 455 1158 544 corporis

142 559 261 624 Christi
274 561 429 628 nascentis
440 573 472 626 et
480 555 633 628 Christi
614 585 647 628 ιιι
664 540 863 628 Eucharistia
876 561 995 650 recepti
1012 560 1164 627 differen-

140 665 220 728 tiam
233 675 371 729 statuere
382 663 557 731 videbatur.
573 664 627 732 Sic
639 663 861 730 hlahillonius:
882 664 989 730 «Ante
1004 663 1164 730 Paschasii

142 795 157 828 ι
188 759 324 844 librum,
342 769 460 856 inquit,
480 767 715 848 confitebuntur
737 745 892 834 Catholici
916 791 1026 833 omnes
1045 767 1164 833 Christi

143 899 157 932 n
188 873 316 938 Domini
334 891 448 939 'rernm
478 871 601 962 Corpus
629 897 804 960 verumque
831 872 1026 962 Sanguinem
1053 861 1162 938 revera

144 1004 158 1037 n
187 978 320 1054 existere
340 977 372 1042 in
397 975 613 1055 eucharistia,
635 979 776 1068 itemque
803 1001 917 1066 panem
942 989 975 1042 et
994 979 1102 1043 vinnm
1130 977 1163 1042 in
1226 971 1231 980 ⁸

141 1107 156 1142 n
186 1078 238 1145 illa
257 1081 406 1147 converti.
433 1080 473 1148 At
495 1105 590 1147 nemo
612 1081 771 1148 Paschasii
790 1093 933 1170 tempore
952 1079 1031 1146 illud
1047 1103 1164 1167 corpus

133 1211 154 1246 n
186 1207 253 1249 esse
272 1184 356 1250 idem
379 1185 465 1274 quod
481 1191 499 1251 e
515 1187 611 1252 Maria
627 1187 758 1276 Virgine
769 1197 882 1251 natum
898 1197 946 1250 est
963 1191 1029 1253 tam
1045 1183 1163 1250 directe

139 1314 154 1352 s
185 1313 324 1356 asserere
345 1291 469 1357 auditus
483 1291 604 1358 fuerat:
616 1291 652 1359 ld
675 1291 805 1381 quidem
832 1297 925 1358 antea
952 1313 992 1356 ex
1016 1289 1163 1356 Patribus

88 1389 91 1394 ⁶
142 1425 156 1459 s
185 1397 380 1468 tradiderant
401 1423 464 1464 non
484 1401 599 1488 pauci,
624 1399 680 1465 sed
703 1381 989 1488 ignota'erantjllo
1004 1422 1090 1477 aevo,
1107 1410 1163 1463 aut

140 1533 154 1566 ι
185 1511 272 1571 certe
291 1507 358 1571 iton
380 1506 544 1590 observata
561 1530 672 1574 eorum
687 1507 851 1574 haedere
867 1507 1059 1574 testimonia.
1077 1507 1163 1588 Qua-

139 1638 154 1671 »
184 1622 315 1698 propter
335 1615 409 1682 chm
434 1610 618 1678 Paschasius
642 1613 676 1681 in
700 1605 861 1678 libro'suo
884 1624 949 1677 tam
972 1613 1109 1680 fidenter
1130 1625 1163 1679 et

140 1741 154 1774 ι
172 1703 399 1780 ¹asseveranter
414 1712 493 1784 illud
504 1715 680 1792 docuisset,
696 1713 792 1804 hujus
804 1716 849 1782 rei
866 1717 1005 1782 novitate
1020 1766 1030 1794 ,
1051 1729 1086 1781 ut
1098 1717 1162 1813 ¹sihi

40 1848 55 1852 -
141 1848 164 1882 ι·
185 1819 376 1897 videbatur,
404 1822 556 1888 commoti
571 1833 644 1887 sunt
656 1820 785 1908 quidam
797 1820 1058 1888 viridoctihaud
1072 1823 1163 1888 incc-

142 1954 156 1990 ι
184 1923 308 2006 lehres,
329 1928 384 2028 qui
400 1929 524 2018 scriptis
540 1927 633 1994 editis
644 1927 820 2016 hancejus
842 1927 1032 2013 sententiam
1047 1929 1164 1996 acriter

142 2059 156 2092 ι
186 2031 445 2120 impugnarunt.»
505 2099 507 2103 .

186 2135 385 2204 Secundum
393 2161 471 2226 opus
486 2139 581 2262 'quod
601 2137 708 2229 plures
727 2139 837 2206 etiam
843 2139 967 2205 animos
989 2137 1163 2240 commovit

141 2241 182 2306 dc
196 2237 375 2330 Pucrpcrio
391 2244 478 2308 V
424 2269 476 2333 ιι·
460 2245 547 2309 amis
565 2244 702 2320 disserit,
721 2261 799 2333 quo,
811 2229 982 2310 Retramni
992 2239 1161 2333 opinione,

141 2344 196 2432 qui
214 2359 390 2415 asseruerat
407 2346 569 2416 Christum
592 2357 712 2416 n'atum
719 2369 788 2412 esse
808 2369 878 2434 per
874 2347 1026 2412 semitam
1041 2345 1162 2424 vulve,

140 2449 217 2518 licet
242 2476 300 2542 per
325 2454 464 2521 vulvam
491 2455 665 2532 clausam,
689 2453 794 2518 Beatae
819 2453 923 2519 Mariae
941 2452 1163 2542 Virginitatem

143 2555 214 2628 laedi
239 2557 408 2626 ostendere
435 2567 587 2634 conatum
609 2559 665 2626 sed
690 2558 869 2634 immerito,
889 2562 988 2636 clim,
1010 2569 1089 2624 nato
1103 2579 1163 2645 per

140 2664 279 2757 vulvam
302 2665 449 2749 clausam
476 2665 624 2743 Christo,
651 2666 749 2732 llaria
774 2664 823 2732 vel
848 2660 921 2732 ante
943 2677 1095 2754 pertum3
1113 2661 1163 2730 rel

77 2809 80 2816 ·
141 2769 174 2834 in
196 2783 287 2856 partu
304 2821 312 2846 ,
332 2771 382 2838 vel
401 2779 622 2862 post'partum
637 2773 799 2862 Virginem
815 2773 1024 2862 permansisse
1040 2782 1162 2860 pateatr
1220 2815 1227 2830 .

154 2921 155 2928 ι
188 2875 319 2965 Scripsit
335 2885 486 2966 praetereh
496 2885 571 2944 thm
587 2881 620 2944 in
636 2879 840 2955 Matthaeum,
857 2881 890 2944 in
910 2878 1071 2945 Psalmum
1087 2882 1158 2960 44,

142 2992 174 3046 et
194 2981 226 3048 in
244 2981 500 3050 Lamentationes
523 2984 671 3050 deremiae
688 2984 968 3062 Commentarios,
989 2990 1058 3050 thm
1071 2975 1161 3052 duds

142 3081 181 3150 dc
204 3084 290 3152 Valan
319 3087 499 3153 Corbiensis
516 3087 648 3154 Abbatis
674 3089 738 3154 'vitai
762 3087 870 3154 libros»

186 3191 325 3260 Scientia
353 3194 385 3260 in
412 3193 579 3262 Paschasio
605 3217 684 3262 cum
707 3195 824 3284 pietate
840 3195 1076 3272 consentiebam
1095 3219 1162 3262 non

141 3319 236 3394 puro
246 3307 389 3366 tanthm
398 3313 430 3368 ct
451 3302 637 3391 perspicuo,
657 3300 714 3365 sed
736 3298 897 3388 eloquenti
916 3302 1161 3370 commendatur

143 3385 279 3493 cloquio.
306 3405 484 3485 Lucidum,
507 3408 593 3496 quod
615 3411 738 3472 natura
745 3409 872 3473 sortitus
888 3420 973 3486 erat,
995 3409 1159 3496 ingenium
1211 3423 1213 3427 ’

75 3504 79 3512 ’
141 3509 437 3579 Ecclesiasticorum
456 3514 610 3602 pariter
596 3525 628 3578 et
648 3513 870 3602 profanorum
877 3513 1077 3600 Scriptorum
1093 3511 1161 3578 loc-

27 3633 29 3642 *
143 3617 228 3682 tione
244 3615 334 3682 labor
345 3615 490 3682 assiduus
505 3617 698 3684 excoluerat.
715 3615 845 3684 Nullum
860 3615 967 3682 autem
979 3639 1067 3704 opus·
1073 3619 1161 3682 tanti

126 3725 219 3786 -cura
243 3721 402 3810 perfecit,
423 3728 517 3811 quam
543 3735 721 3790 tractatum
747 3723 788 3806 de
817 3721 1043 3800 Eucharistid,
1068 3722 1161 3822 cujus

24 3898 25 3902 Ἰ
43 3813 47 3828 “
140 3819 309 3896 lectionem
325 3825 479 3894 doctrine
492 3826 689 3894 amatoribus
712 3824 983 3910 commendamus
