2940 4570
786 381 924 473 (¹3²)

351 550 364 584 a
394 523 517 590 AEtemi
540 537 573 590 et
589 524 769 613 incorrupti
786 525 901 614 dignus
928 529 1056 589 rursum
1083 521 1210 588 auditus
1236 541 1373 584 armo:

350 653 364 690 r
394 627 462 708 Qui
474 645 558 696 tonet
570 631 687 696 coeium
699 629 814 718 putato
828 645 858 694 et
874 645 1000 693 terram
1008 627 1146 719 pugillo.
1163 625 1204 690 Et
1219 629 1350 689 rursiam
1366 647 1373 688 :

335 721 364 794 ἰ
386 735 503 800 colom
517 735 604 802 mitt
616 735 753 802 thronus
762 752 809 802 cat
819 783 832 810 ,
847 751 936 800 terro
950 751 1060 801 aotam
1071 730 1378 819 scabellumpedum

348 864 362 897 r
392 861 551 904 meorum.
575 841 637 925 (la.
657 841 724 914 66,
747 864 773 904 1.
791 841 802 926 )
833 837 889 902 His
909 839 1016 928 itaque
1026 837 1087 928 piae
1102 835 1376 924 opinionis-atque

351 968 364 1002 ι
394 939 548 1012 doctrina.
563 943 675 1008 studiis
687 943 813 1009 animus
829 941 984 1019 imbutus,
997 944 1030 1008 in
1042 963 1169 1008 secessu
1180 939 1322 1026 quodam
1338 963 1376 1004 ac

349 1075 362 1108 ι
392 1047 522 1136 speculo
549 1047 775 1138 pulcherrime
798 1047 895 1136 bujos
925 1047 1089 1114 sententia
1111 1045 1372 1134 requiescebat...

350 1183 363 1217 s
393 1155 530 1222 Suberat
546 1167 655 1222 autam
672 1155 820 1222 omuibus
837 1154 887 1220 bis
903 1153 1054 1219 naturalis
1070 1152 1177 1220 adhuc
1191 1175 1323 1228 sensus,
1341 1165 1375 1220 ut

349 1291 362 1324 a
391 1263 516 1351 pietatis
531 1261 760 1351 professionem
777 1283 849 1348 spes
870 1258 975 1348 aliqua
990 1260 1181 1347 incorruptae
1197 1257 1375 1324 beatitudi-

347 1396 361 1429 ι
390 1368 440 1434 uis
461 1365 578 1443 aleret,
601 1389 698 1456 quom
719 1379 830 1434 sancta
851 1365 891 1432 de
909 1366 978 1431 Deo
994 1365 1103 1454 opinio
1123 1375 1155 1429 et
1171 1363 1248 1428 boui
1266 1378 1390 1430 mores

347 1501 361 1534 a
390 1473 530 1561 quodum
546 1474 685 1540 victricis
701 1471 822 1540 militiae
845 1471 1005 1561 stipendio
1021 1482 1283 1537 emorerentur...
1308 1472 1374 1538 Fa-

347 1607 360 1640 »
390 1578 550 1667 rigabatur
569 1579 694 1645 animus
716 1584 833 1670 partlm
856 1601 933 1653 suo,
954 1580 1072 1666 partlm
1094 1576 1239 1664 corporis
1259 1588 1371 1653 metu,

347 1713 361 1746 ι
389 1684 571 1752 deasciato
586 1685 738 1752 doetrinae
758 1681 956 1774 Evangelicae
972 1694 1067 1770 atque
1080 1679 1263 1770 apostolicas
1279 1682 1373 1748 insti·
1455 1697 1456 1704 ’

347 1820 361 1853 ι
390 1803 458 1856 tuta
475 1791 661 1880 cognoscit:
678 1788 735 1856 ia
751 1788 923 1879 principio
939 1802 1011 1852 erat
1029 1785 1061 1850 V
1062 1785 1230 1852 erbum...
1249 1785 1297 1852 la
1311 1811 1373 1854 auo

346 1927 359 1960 ι
386 1899 503 1975 venit,
520 1892 703 1964 attuleram
714 1921 783 1962 noa
801 1909 1002 1986 receperam.
1018 1893 1182 1980 Quotquot
1196 1909 1309 1958 autem
1321 1919 1376 1959 ro-

344 2031 358 2064 »
388 2018 543 2092 oeperunt
564 2025 639 2068 eom
660 2001 753 2070 dedit
774 2001 820 2066 eis
839 2015 1029 2088 potestatem
1048 1997 1138 2086 filios
1157 1999 1224 2064 Dei
1243 1999 1365 2088 fieri.»
1456 2023 1457 2072 ς

348 2103 460 2192 (Joan.
479 2126 509 2170 c.
529 2127 601 2179 r‚v.
626 2127 653 2170 1.
680 2115 712 2170 et
727 2107 809 2192 aeq.)
825 2103 882 2169 His
895 2102 1131 2192 etlougioribus
1146 2103 1322 2169 ratiociniis
1335 2103 1369 2170 S.

317 2222 319 2231 '
344 2209 484 2276 Hilarius
503 2233 537 2274 se
551 2205 592 2274 ad
606 2208 705 2276 iidem
720 2207 919 2277 Catholicam
930 2207 1107 2274 adductum
1122 2222 1368 2274 commemorat.

389 2313 592 2381 Matrimonio
611 2313 778 2404 copulatus
801 2313 903 2380 filiam
924 2314 1081 2402 suscepit,
1100 2314 1230 2378 nomine
1249 2313 1373 2404 Apram

342 2417 393 2487 vel
409 2418 547 2498 Abram,
560 2443 629 2508 quae
648 2443 724 2488 cum
735 2425 837 2486 matre¹
853 2409 952 2508 patris
963 2416 1146 2507 exemplum
1161 2431 1273 2485 secuta
1287 2420 1372 2509 bap-

344 2526 439 2592 tismo
450 2537 637 2592 consecrata
651 2537 710 2592 est.
728 2524 831 2590 Tanti
848 2535 956 2588 autem
971 2521 1154 2588 iunocentiti
1165 2523 1237 2588 vitae
1247 2536 1281 2588 et
1294 2523 1372 2590 fidei

343 2633 525 2721 integritate
548 2629 721 2709 excelluit,
749 2643 785 2697 ut
809 2629 953 2696 omnium
976 2629 1056 2695 votis
1080 2629 1121 2696 ad
1141 2629 1372 2698 Piotnriensem

345 2736 574 2824 Episcopatum
589 2747 767 2802 vocaretur.

391 2841 473 2908 Cum
494 2855 602 2908 autem
624 2843 657 2908 in
673 2841 808 2910 concilio
825 2841 995 2910 bitterensi
1006 2892 1015 2919 ,
1026 2865 1076 2908 nn.
1096 2843 1179 2918 556,
1197 2839 1373 2908 Saturnino

318 2985 320 2990 ·
344 2945 522 3014 Arelatensi
544 2946 723 3035 Episcopo,
745 2937 932 3036 Ursatio'que
958 2959 992 3013 et
1012 2947 1140 3015 Valenti
1164 2947 1232 3014 trit
1263 2960 1373 3036 partes

347 3052 510 3117 tuentibus
530 3050 721 3128 obstitisset,
743 3051 921 3120 inexilium
940 3059 959 3116 l
981 3051 1168 3119 Constantio
1190 3052 1373 3142 relegatus,

345 3159 379 3226 in
390 3159 561 3249 Phrygiam
578 3183 611 3225 se
626 3150 771 3249 recepit,
788 3160 875 3228 uudl
889 3161 1119 3228 Pictaviensem
1135 3161 1312 3228 Ecclesiam
1326 3186 1375 3227 sa-

347 3267 515 3334 cerdotum
531 3289 661 3334 suorum
677 3267 854 3334 ministerio
864 3268 982 3334 absens
993 3267 1217 3336 administrare
1228 3293 1374 3358 perseve

344 3372 435 3436 ravit.
455 3371 642 3461 APbrygiae
664 3373 815 3462 praefecto
838 3397 890 3440 an.
916 3375 981 3461 559
1000 3372 1178 3442 Seleuciam
1201 3377 1317 3441 missus
1334 3376 1376 3441 ad

256 3467 259 3472 ¹
346 3477 539 3555 concilium,
563 3476 754 3567 praeclarum
772 3479 944 3547 Gallicane
954 3479 1104 3548 Ecclesiae
1119 3481 1194 3548 fidei
1208 3480 1249 3547 de
1265 3481 1378 3547 Trini-

349 3595 412 3650 tate
434 3583 568 3673 protulit
588 3584 828 3663 testimonium,
846 3585 1103 3675 brianonumque
1125 3611 1250 3654 errores
1273 3587 1306 3653 in
1327 3613 1378 3678 sy-

304 3731 309 3742 ·
346 3687 432 3754 nodo
453 3676 660 3777 praevalentes
673 3687 865 3768 detestatus,
880 3689 954 3756 dato
970 3689 1101 3780 publice
1113 3693 1251 3781 scripto,
1265 3696 1376 3781 requi-

347 3818 418 3860 rere
447 3788 686 3862 b'Constautio
715 3821 810 3864 ausus
838 3811 910 3874 est,
942 3811 978 3866 ut
1004 3799 1089 3866 solus
1122 3789 1235 3868 contra
1261 3825 1377 3870 omnes

296 3903 300 3912 ’
349 3897 512 3989 disputans
539 3899 735 3967 adversarios
767 3901 957 3977 audireturt
989 3927 1085 3993 quem
1104 3927 1181 3988 ⁴uon
1209 3905 1375 3973 immerito

790 4070 794 4107 p
838 4059 843 4078 r

784 4112 790 4145 i

779 4154 784 4171 Ι
