2956 4586
577 303 686 389 (4¹)

112 469 124 502 s
156 451 204 506 tes
226 441 286 527 qui
307 461 384 506 eom
409 439 455 506 ad
477 454 619 506 morum
640 435 854 526 querebam,
882 438 986 530 ipsum
1008 456 1141 525 repere-

112 573 126 607 »
157 559 234 612 runt
262 548 296 612 in
317 545 464 634 ¹‹puodam
491 545 656 635 superiore
690 543 841 612 cubiculo
869 543 1137 612 discumbentem.

114 679 127 712 s
162 650 253 719 Unde
268 661 393 740 poterat
408 648 539 739 quidem
556 649 589 716 in
609 648 697 716 aliud
713 648 869 739 praedium
886 649 993 731 abire,
1010 645 1067 714 sed
1081 667 1143 710 no-

116 784 130 818 »
161 753 219 820 luit
232 741 357 822 dicens:
368 755 450 822 Fiat
470 755 626 822 vetamus
639 755 793 821 Domini.
813 755 896 822 cum
912 761 988 844 ergo
1004 761 1143 818 astantes

119 889 132 923 s
163 845 349 938 audivisset,
363 871 395 928 et
411 861 644 938 descendisset,
658 860 840 928 collocutus
858 874 906 928 est
923 885 1000 930 cum
1015 860 1072 926 eis.
1086 855 1143 922 Mi·

118 997 131 1030 »
162 968 304 1034 rantibus
319 979 428 1032 autem
444 965 506 1033 iilis
528 967 625 1056 ipsius
642 978 769 1034 aetatem
792 979 889 1058 atque
907 963 1144 1036 constantiam,

118 1103 130 1134 s
161 1072 293 1163 quidam
307 1096 347 1140 ex
368 1071 413 1138 eis
441 1071 613 1138 dicebant:
632 1083 758 1138 tantum
778 1095 818 1138 ne
841 1070 1061 1138 adhibendum
1074 1075 1147 1134 erat

117 1206 130 1239 s
162 1177 326 1266 studium,
344 1189 380 1242 ut
394 1175 582 1266 hujusmodi
604 1176 652 1242 vir
674 1199 771 1242 senex
793 1169 1145 1265 comprehenderetur?

117 1313 130 1346 ι
163 1283 281 1350 Statim
297 1284 394 1374 igitur
407 1285 499 1373 jussit
517 1295 597 1351 tunc
612 1283 689 1374 ipsis
704 1284 822 1372 apponi
836 1283 946 1350 cibum
962 1305 1000 1348 ao
1011 1292 1146 1370 potum,

119 1419 131 1452 s
163 1397 319 1480 quantum
339 1390 466 1460 vellent.
495 1391 592 1458 Petiit
614 1404 722 1458 autom
744 1392 784 1458 ab
804 1389 886 1468 illis,
902 1391 949 1458 uti
981 1389 1094 1456 darent
1117 1385 1148 1454 ei

11 1541 19 1558 .
119 1525 132 1560 s
149 1497 252 1576 ,borae
268 1499 430 1588 spatium,
451 1503 515 1587 qub
531 1496 633 1566 libere
647 1511 844 1588 precaretur.
866 1497 964 1579 Quod
976 1501 1052 1563 cum
1067 1515 1147 1561 con·

121 1631 134 1664 s
166 1604 351 1680 cessissent,
371 1617 457 1672 stans
470 1603 584 1670 orabat
599 1602 714 1694 plenus
729 1606 830 1696 gratie
846 1603 924 1680 Dei,
944 1601 1024 1668 adeo
1041 1612 1076 1666 ut
1090 1621 1150 1690 per

121 1740 135 1772 s
166 1711 245 1786 duas
256 1712 355 1778 boras
368 1723 478 1786 tacere
493 1735 559 1780 non
573 1724 703 1802 posset,
720 1736 759 1780 ac
777 1713 1041 1802 obstupescerent
1055 1705 1150 1774 audi-

122 1843 136 1878 »
167 1827 272 1894 tores,
300 1816 456 1908 multique
478 1841 591 1884 eorum
612 1817 800 1908 poenitentid
824 1816 1037 1891 ducerentur,
1062 1810 1150 1902 quod

124 1951 137 1985 s
169 1923 318 1990 adversus
334 1937 399 1990 tam
419 1923 562 1992 divinum
575 1947 686 1991 senem
701 1924 872 1991 venissent.

72 2011 76 2018 ⁵
168 2056 181 2089 s
215 2027 255 2092 Ut
268 2035 343 2094 verb
357 2030 576 2119 precationem
587 2028 690 2107 finiit,
701 2029 805 2119 inque
819 2027 1017 2096 mentionem
1029 2025 1151 2092 iecerat

124 2164 136 2196 s
169 2135 334 2222 omnium,
350 2137 404 2225 qui
426 2136 599 2228 aliquandb
622 2161 698 2206 cum
724 2139 794 2228 ipso
817 2136 979 2228 congressi
1002 2134 1150 2208 fuerant,

124 2271 137 2304 »
168 2265 340 2344 parvorum
352 2243 439 2330 juxte
447 2253 479 2308 et
486 2266 692 2334 magnorum,
702 2241 862 2310 clarorum
875 2256 907 2308 et
920 2241 1150 2312 obscurorum,

127 2378 141 2411 s
173 2349 355 2437 totiusque,
368 2373 437 2437 quae
448 2373 505 2440 per
518 2351 629 2418 orbem
640 2363 800 2418 terrarum
809 2349 973 2420 catholicae
982 2345 1148 2418 Ecclesiae3

130 2483 143 2516 n
176 2459 250 2521 cbm
264 2452 1152 2546 horaproliscicendivenisset,asinoeumimponentes,

127 2590 141 2623 »
172 2561 205 2626 in
222 2560 385 2626 civitatem
403 2561 562 2629 duxerunt
583 2563 634 2630 die
650 2566 758 2655 magni
770 2565 904 2632 sabbati.
927 2565 968 2630 Et
983 2557 1108 2636 occurit
1123 2555 1153 2620 ei

127 2699 140 2732 »
173 2668 345 2736 irenarcha
358 2670 521 2749 Herodes,
535 2685 674 2762 acpater
682 2675 751 2764 ejus
761 2675 909 2750 Nicetes,
923 2671 977 2761 qui
992 2681 1024 2738 et
1035 2663 1153 2734 eumin

9 2869 10 2874 ἵ
127 2807 140 2840 r
165 2777 348 2846 vehiculum
362 2803 457 2847 suum
470 2781 721 2860 transtulerunt,
735 2783 972 2872 assidentesque
982 2776 1153 2846 hortaban-

128 2911 142 2944 »
174 2894 227 2946 tur
236 2881 327 2948 illum
336 2883 384 2949 his
399 2886 503 2953 verbis
515 2898 549 2952 et
561 2886 630 2952 aliis
641 2886 814 2954 similibus:
826 2887 914 2970 Quid
925 2879 1096 2954 enimtuoli
1107 2889 1155 2946 est

129 3019 142 3052 ι
175 2989 297 3066 dicere,
314 2991 460 3082 Domina
474 2992 600 3069 Caesar,
616 3005 647 3058 et
660 2993 854 3071 sacrificare,
865 3005 960 3082 atque
976 2992 1019 3058 ita
1032 2989 1155 3057 salvum

129 3123 142 3158 s
174 3095 398 3162 evaderei'llle
415 3110 521 3164 nutem
535 3099 676 3187 primum
687 3101 817 3190 quidem
837 3103 882 3168 eis
895 3123 960 3166 non
978 3095 1151 3186 respondit.

129 3233 142 3264 s
175 3204 240 3270 Sed
252 3208 327 3270 cum
335 3207 503 3272 instarent:
515 3207 586 3274 Non
597 3232 680 3286 sum,
691 3212 792 3298 inquit
802 3261 812 3287 ‚
821 3210 978 3282 facturus,
992 3205 1156 3295 quodsua-

129 3339 142 3372 ι
175 3308 255 3376 detis
270 3311 360 3376 mihi.
377 3311 461 3377 Tbm
471 3310 536 3390 illi,
551 3312 693 3378 frustrati
704 3339 760 3403 spe
771 3313 922 3382 flectendi
936 3335 1009 3378 eum
1021 3361 1030 3388 ,
1044 3320 1156 3376 contu-

130 3447 144 3480 »
175 3416 306 3484 meliosa
319 3419 348 3483 ei
368 3419 465 3491 verba
478 3418 645 3496 dixerunt,
662 3432 784 3488 etcum
800 3423 923 3511 impetu
941 3419 1156 3484 deturbarunt

131 3551 143 3582 s
176 3521 281 3597 illum,
294 3522 374 3589 adeo
387 3537 423 3589 ut
435 3530 453 3591 e
465 3524 612 3592 vehiculo
625 3525 820 3594 descendens
829 3527 941 3592 tibiam
950 3521 1151 3590 distraheret.

129 3655 142 3688 s
174 3625 312 3706 Verum,
330 3637 531 3719 nequaqubm
552 3642 749 3706 commotus,
765 3655 804 3698 ac
822 3633 848 3698 si
864 3629 945 3698 nihil
957 3626 1030 3694 mali
1046 3649 1157 3717 passus

130 3759 142 3791 s
175 3721 275 3809 esset,
297 3732 446 3802 alacriter
461 3749 494 3802 et
508 3743 645 3827 propere
655 3736 807 3826 pergebat
819 3736 935 3804 ductus
944 3735 985 3802 ad
996 3733 1152 3800 stadium:
