2990 4570
595 321 731 408 (2⁵5)

509 611 512 617 ·
598 603 713 696 sm.

360 819 508 896 Sanctus
530 827 760 923 Augustinus,
784 855 842 898 an.
868 832 944 914 450.

583 1093 729 1142 ntrtnus.

177 1296 340 1387 Aurelius
353 1296 566 1388 Augustinus
582 1296 740 1388 Thagaste
756 1299 790 1366 in
807 1297 957 1366 Numidia
974 1315 1060 1366 anno
1080 1299 1168 1380 554,

136 1403 278 1473 Patricio
294 1415 410 1495 patre,
429 1417 462 1474 et
475 1419 581 1474 matre
597 1406 723 1476 Monich
741 1417 855 1483 natus.
870 1407 914 1474 ita
937 1407 1041 1474 infans
1056 1413 1074 1474 t
1091 1408 1170 1476 hea-

134 1510 255 1578 tissima
269 1507 323 1576 itta
338 1509 468 1576 soemint
484 1511 596 1602 primis
615 1509 776 1601 religionis
790 1511 981 1580 Christiane
1004 1513 1169 1604 principiis

131 1627 182 1680 est
197 1613 361 1690 imbutus,
384 1624 420 1678 ut
434 1615 523 1703 gravi
544 1614 659 1682 morho
681 1613 830 1682 laborans
852 1615 1011 1706 baptisma
1026 1616 1170 1684 studioso

130 1718 328 1810 postularet,
351 1717 462 1810 quod,
483 1719 513 1785 vi
533 1718 607 1786 mali
623 1720 829 1822 remittente,
846 1719 982 1788 dilatum
996 1734 1055 1787 est.
1075 1723 1169 1790 Pater

129 1839 241 1894 autem
262 1837 419 1892 nontam
440 1824 595 1916 religiose
618 1825 849 1902 observantie,
875 1833 972 1915 quam
997 1828 1169 1894 mundanae

129 1935 226 2000 famae
248 1931 411 2022 cupidus,
437 1930 596 2022 Thagaste
620 1933 762 2022 primum
783 1933 998 2022 grammaticae
1019 1932 1167 2023 legibus.

129 2039 249 2105 deinde
276 2037 436 2104 Madaurae
464 2036 577 2105 litteris
602 2039 872 2116 humanioribus,
898 2038 1094 2130 Carthagine
1107 2039 1168 2106 de*

127 2151 219 2212 mium
239 2145 409 2212 rhetoricae
422 2145 570 2212 doctrinis
594 2147 835 2215 informandum
856 2149 993 2215 curavit.
1020 2149 1168 2216 Severio-

127 2249 217 2316 rihus
231 2248 285 2318 ille
300 2255 416 2344 parium
428 2247 625 2338 disciplinis,
640 2251 777 2317 nimihm
792 2258 865 2318 vero
880 2258 1049 2341 poetarum
1061 2251 1168 2320 fictio-

127 2358 225 2429 uibus
239 2349 430 2446 indulgens,
450 2358 574 2424 invitia
592 2357 687 2424 simul
699 2371 731 2424 et
748 2358 897 2426 haeresim
914 2359 1167 2426 Manichaeorum

127 2463 296 2552 prolapsus
308 2475 367 2530 est.
381 2462 551 2530 Gaudehat
563 2476 672 2530 tamen
688 2463 853 2532 Ciceronis
865 2463 1023 2540 lectione,
1037 2477 1070 2530 et
1082 2465 1168 2532 Her-

127 2570 268 2636 tensium
283 2565 500 2657 pervolvendo
513 2569 554 2636 ad
567 2589 711 2637 amorem
725 2569 887 2659 sapientiae
903 2569 1163 2644 accendebaturr

127 2676 236 2744 minh's
251 2687 361 2744 autem
377 2675 503 2764 sapida,
529 2683 642 2766 utpote
662 2677 804 2766 profanis
827 2674 1018 2764 eloquentie
1031 2671 1166 2742 floribus

127 2803 195 2846 non
218 2791 390 2856 exornata,
410 2805 577 2848 sacrarum
597 2782 841 2872 Scripturarum
863 2781 965 2848 lectio
982 2781 1162 2848 videbatur.

129 2884 288 2974 Thagaste
299 2885 561 2974 grammaticam,
572 2879 766 2976 Carthagine
774 2892 850 2952 vero
859 2885 1055 2953 rhetoricam
1065 2907 1165 2953 annos

127 2993 271 3081 quinque
290 3008 386 3081 super
409 2991 519 3080 viginti
535 3004 649 3070 natus,
673 3011 740 3059 non
751 2993 913 3060 mediocri
929 2991 1162 3060 laudedoeuit.

129 3098 213 3164 (lum
227 3109 337 3164 autem
357 3095 508 3186 ejusdem
523 3098 665 3166 scientiae
681 3097 878 3188 explicandae
893 3105 993 3166 causi
1011 3098 1166 3166 Mediola-

128 3223 208 3272 num
221 3213 238 3272 a
252 3204 449 3296 Symmacho
462 3204 617 3274 Praefecto
630 3206 744 3272 missas
754 3207 906 3284 venisset,
921 3207 1084 3274 Ambrosii
1095 3211 1166 3274 tiam

128 3313 272 3403 episcopi
286 3312 488 3378 sermonibus
501 3361 511 3388 ‚
523 3336 584 3379 nec
596 3336 662 3378 non
680 3324 712 3378 et
727 3312 871 3379 Platonis
880 3313 1092 3379 meditatione
1106 3357 1115 3390 ‚
1133 3325 1166 3379 et

126 3419 238 3492 matris
255 3417 389 3486 Monieaa
406 3415 556 3506 lacrymis
571 3461 581 3495 ‚
597 3429 628 3483 et
641 3418 851 3484 interioribus
872 3419 980 3506 gratia
998 3417 1140 3486 motibus
1150 3467 1163 3494 ,

128 3538 163 3592 et
177 3523 269 3592 Pauli
283 3525 432 3592 doctrine
447 3567 456 3601 ‚
476 3537 508 3589 et
519 3524 580 3592 Dei
597 3526 695 3614 ipsius
713 3519 793 3592 voce
811 3526 853 3592 ad
867 3543 961 3592 aures
973 3538 1165 3616 personante

97 3719 100 3726 .
127 3633 254 3709 victus,
271 3654 403 3698 excusso
422 3629 538 3695 erroris
558 3627 653 3694 simhl
673 3641 706 3694 et
723 3629 939 3718 cupiditatum
951 3629 1047 3718 jugo.
1065 3629 1164 3718 trige-

126 3739 245 3806 oitnum
254 3739 435 3808 secundum
446 3735 549 3804 etatis
561 3757 683 3804 annum
698 3758 796 3828 agens
808 3787 817 3814 ,
837 3729 1004 3804 tamarae
1019 3750 1056 3802 ct
1064 3737 1165 3826 ‚giges

127 3848 174 3914 ad
187 3847 390 3916 aaronem
406 3845 481 3914 [idei
497 3847 642 3915 cientet
658 3846 794 3912 virtutis.
