<?xml version="1.0" encoding="UTF-8"?>
<!DOCTYPE html PUBLIC "-//W3C//DTD XHTML 1.0 Transitional//EN"
    "http://www.w3.org/TR/xhtml1/DTD/xhtml1-transitional.dtd">
<html xmlns="http://www.w3.org/1999/xhtml" xml:lang="en" lang="en">
 <head>
  <title>
</title>
<meta http-equiv="Content-Type" content="text/html;charset=utf-8" />
  <meta name='ocr-system' content='tesseract 3.04.00' />
  <meta name='ocr-capabilities' content='ocr_page ocr_carea ocr_par ocr_line ocrx_word'/>
</head>
<body>
  <div class='ocr_page' id='page_1' title='image "./rhetoricasancto01cailgoog_0053.png"; bbox 0 0 2956 4586; ppageno 0'>
   <div class='ocr_carea' id='block_1_1' title="bbox 952 179 959 208">
    <p class='ocr_par' dir='ltr' id='par_1_1' title="bbox 952 179 959 208">
     <span class='ocr_line' id='line_1_1' title="bbox 952 179 959 208; baseline 0 0"><span class='ocrx_word' id='word_1_1' title='bbox 952 179 959 208; x_wconf 75' lang='lat' dir='ltr'><strong>l</strong></span> 
     </span>
    </p>
   </div>
   <div class='ocr_carea' id='block_1_2' title="bbox 334 305 1462 1282">
    <p class='ocr_par' dir='ltr' id='par_1_2' title="bbox 799 305 912 391">
     <span class='ocr_line' id='line_1_2' title="bbox 799 305 912 391; baseline 0.018 -2"><span class='ocrx_word' id='word_1_2' title='bbox 799 305 912 391; x_wconf 75' lang='lat' dir='ltr'><strong>(ta)</strong></span> 
     </span>
    </p>

    <p class='ocr_par' dir='ltr' id='par_1_3' title="bbox 334 443 1364 617">
     <span class='ocr_line' id='line_1_3' title="bbox 334 443 1364 536; baseline 0.004 -30"><span class='ocrx_word' id='word_1_3' title='bbox 334 475 346 506; x_wconf 66' lang='lat' dir='ltr'><strong>a</strong></span> <span class='ocrx_word' id='word_1_4' title='bbox 378 457 484 511; x_wconf 78' lang='lat' dir='ltr'><strong>tantus</strong></span> <span class='ocrx_word' id='word_1_5' title='bbox 506 453 581 512; x_wconf 81' lang='lat' dir='ltr'><strong>vero</strong></span> <span class='ocrx_word' id='word_1_6' title='bbox 609 457 676 510; x_wconf 83' lang='lat' dir='ltr'><strong>erat</strong></span> <span class='ocrx_word' id='word_1_7' title='bbox 700 443 855 512; x_wconf 84' lang='lat' dir='ltr'><strong>tumultus</strong></span> <span class='ocrx_word' id='word_1_8' title='bbox 874 447 905 511; x_wconf 92' lang='lat' dir='ltr'><strong>in</strong></span> <span class='ocrx_word' id='word_1_9' title='bbox 929 446 1051 521; x_wconf 79' lang='lat' dir='ltr'><strong>stadio,</strong></span> <span class='ocrx_word' id='word_1_10' title='bbox 1071 457 1104 510; x_wconf 90' lang='lat' dir='ltr'><strong>ut</strong></span> <span class='ocrx_word' id='word_1_11' title='bbox 1129 469 1223 512; x_wconf 86' lang='lat' dir='ltr'><strong>uerno</strong></span> <span class='ocrx_word' id='word_1_12' title='bbox 1254 457 1364 536; x_wconf 82' lang='lat' dir='ltr'><strong>possut</strong></span> 
     </span>
     <span class='ocr_line' id='line_1_4' title="bbox 334 547 489 617; baseline 0.039 -6"><span class='ocrx_word' id='word_1_13' title='bbox 334 579 347 611; x_wconf 76' lang='lat' dir='ltr'><strong>t</strong></span> <span class='ocrx_word' id='word_1_14' title='bbox 378 547 489 617; x_wconf 84' lang='lat' dir='ltr'><strong>audiri.</strong></span> 
     </span>
    </p>

    <p class='ocr_par' dir='ltr' id='par_1_4' title="bbox 334 655 1462 1282">
     <span class='ocr_line' id='line_1_5' title="bbox 379 655 1367 748; baseline 0.003 -29"><span class='ocrx_word' id='word_1_15' title='bbox 379 683 392 718; x_wconf 67' lang='lat' dir='ltr'><strong>a</strong></span> <span class='ocrx_word' id='word_1_16' title='bbox 423 657 521 724; x_wconf 81' lang='lat' dir='ltr'><strong>Porro</strong></span> <span class='ocrx_word' id='word_1_17' title='bbox 538 657 716 748; x_wconf 88' lang='lat' dir='ltr'><strong>Polycarpo</strong></span> <span class='ocrx_word' id='word_1_18' title='bbox 736 658 868 723; x_wconf 82' lang='lat' dir='ltr'>intranti</span> <span class='ocrx_word' id='word_1_19' title='bbox 888 657 920 724; x_wconf 94' lang='lat' dir='ltr'><strong>in</strong></span> <span class='ocrx_word' id='word_1_20' title='bbox 937 658 1073 725; x_wconf 87' lang='lat' dir='ltr'><strong>stadium</strong></span> <span class='ocrx_word' id='word_1_21' title='bbox 1093 681 1152 724; x_wconf 85' lang='lat' dir='ltr'><strong>vox</strong></span> <span class='ocrx_word' id='word_1_22' title='bbox 1167 665 1185 724; x_wconf 76' lang='grc' dir='ltr'><strong>ὲ</strong></span> <span class='ocrx_word' id='word_1_23' title='bbox 1202 655 1284 724; x_wconf 84' lang='lat' dir='ltr'><strong>coelo</strong></span> <span class='ocrx_word' id='word_1_24' title='bbox 1301 657 1367 722; x_wconf 80' lang='lat' dir='ltr'><strong>iac-</strong></span> 
     </span>
     <span class='ocr_line' id='line_1_6' title="bbox 336 763 1365 856; baseline 0.001 -28"><span class='ocrx_word' id='word_1_25' title='bbox 336 795 348 828; x_wconf 74' lang='lat' dir='ltr'><strong>t</strong></span> <span class='ocrx_word' id='word_1_26' title='bbox 378 778 490 832; x_wconf 79' lang='lat' dir='ltr'><strong>tacet:</strong></span> <span class='ocrx_word' id='word_1_27' title='bbox 510 763 616 834; x_wconf 84' lang='lat' dir='ltr'><strong>Fortis</strong></span> <span class='ocrx_word' id='word_1_28' title='bbox 639 781 707 833; x_wconf 87' lang='lat' dir='ltr'><strong>esto</strong></span> <span class='ocrx_word' id='word_1_29' title='bbox 725 779 757 832; x_wconf 91' lang='lat' dir='ltr'><strong>et</strong></span> <span class='ocrx_word' id='word_1_30' title='bbox 778 765 912 832; x_wconf 81' lang='lat' dir='ltr'><strong>viriliter</strong></span> <span class='ocrx_word' id='word_1_31' title='bbox 931 789 1008 855; x_wconf 82' lang='lat' dir='ltr'><strong>age,</strong></span> <span class='ocrx_word' id='word_1_32' title='bbox 1026 763 1211 856; x_wconf 85' lang='lat' dir='ltr'><strong>Polycarpe.</strong></span> <span class='ocrx_word' id='word_1_33' title='bbox 1232 765 1272 830; x_wconf 88' lang='lat' dir='ltr'><strong>Et</strong></span> <span class='ocrx_word' id='word_1_34' title='bbox 1288 789 1365 830; x_wconf 87' lang='lat' dir='ltr'><strong>eurn</strong></span> 
     </span>
     <span class='ocr_line' id='line_1_7' title="bbox 336 873 1366 964; baseline 0 -26"><span class='ocrx_word' id='word_1_35' title='bbox 336 901 348 933; x_wconf 71' lang='lat' dir='ltr'><strong>a</strong></span> <span class='ocrx_word' id='word_1_36' title='bbox 378 874 508 963; x_wconf 89' lang='lat' dir='ltr'><strong>quidem</strong></span> <span class='ocrx_word' id='word_1_37' title='bbox 521 877 573 964; x_wconf 89' lang='lat' dir='ltr'><strong>qui</strong></span> <span class='ocrx_word' id='word_1_38' title='bbox 587 899 698 944; x_wconf 86' lang='lat' dir='ltr'><strong>vocem</strong></span> <span class='ocrx_word' id='word_1_39' title='bbox 714 875 819 942; x_wconf 89' lang='lat' dir='ltr'><strong>emisit</strong></span> <span class='ocrx_word' id='word_1_40' title='bbox 835 873 912 940; x_wconf 87' lang='lat' dir='ltr'><strong>vidit</strong></span> <span class='ocrx_word' id='word_1_41' title='bbox 926 897 1043 950; x_wconf 85' lang='lat' dir='ltr'><strong>nemo,</strong></span> <span class='ocrx_word' id='word_1_42' title='bbox 1057 897 1170 940; x_wconf 84' lang='lat' dir='ltr'><strong>vocem</strong></span> <span class='ocrx_word' id='word_1_43' title='bbox 1186 885 1294 939; x_wconf 90' lang='lat' dir='ltr'><strong>autem</strong></span> <span class='ocrx_word' id='word_1_44' title='bbox 1310 873 1366 962; x_wconf 91' lang='lat' dir='ltr'><strong>qui</strong></span> 
     </span>
     <span class='ocr_line' id='line_1_8' title="bbox 336 975 1366 1069; baseline 0.004 -31"><span class='ocrx_word' id='word_1_45' title='bbox 336 1005 348 1038; x_wconf 71' lang='lat' dir='ltr'><strong>a</strong></span> <span class='ocrx_word' id='word_1_46' title='bbox 380 1001 419 1044; x_wconf 84' lang='lat' dir='ltr'><strong>ex</strong></span> <span class='ocrx_word' id='word_1_47' title='bbox 433 979 548 1044; x_wconf 91' lang='lat' dir='ltr'><strong>uostris</strong></span> <span class='ocrx_word' id='word_1_48' title='bbox 558 990 732 1069; x_wconf 74' lang='lat' dir='ltr'><strong>praesentes</strong></span> <span class='ocrx_word' id='word_1_49' title='bbox 748 989 841 1044; x_wconf 84' lang='lat' dir='ltr'><strong>erant</strong></span> <span class='ocrx_word' id='word_1_50' title='bbox 857 976 1038 1044; x_wconf 88' lang='lat' dir='ltr'><strong>audierunt.</strong></span> <span class='ocrx_word' id='word_1_51' title='bbox 1055 975 1242 1043; x_wconf 86' lang='lat' dir='ltr'><strong>introducto</strong></span> <span class='ocrx_word' id='word_1_52' title='bbox 1255 988 1366 1042; x_wconf 81' lang='lat' dir='ltr'><strong>autern</strong></span> 
     </span>
     <span class='ocr_line' id='line_1_9' title="bbox 336 1083 1462 1176; baseline 0.002 -30"><span class='ocrx_word' id='word_1_53' title='bbox 336 1091 348 1146; x_wconf 80' lang='lat' dir='ltr'><strong>t</strong></span> <span class='ocrx_word' id='word_1_54' title='bbox 379 1083 451 1163; x_wconf 92' lang='lat' dir='ltr'><strong>illo,</strong></span> <span class='ocrx_word' id='word_1_55' title='bbox 466 1107 599 1174; x_wconf 83' lang='lat' dir='ltr'><strong>magnus</strong></span> <span class='ocrx_word' id='word_1_56' title='bbox 622 1097 690 1151; x_wconf 88' lang='lat' dir='ltr'><strong>erat</strong></span> <span class='ocrx_word' id='word_1_57' title='bbox 708 1083 861 1150; x_wconf 88' lang='lat' dir='ltr'><strong>tumultus</strong></span> <span class='ocrx_word' id='word_1_58' title='bbox 880 1083 1075 1150; x_wconf 88' lang='lat' dir='ltr'><strong>audientium</strong></span> <span class='ocrx_word' id='word_1_59' title='bbox 1093 1084 1365 1174; x_wconf 86' lang='lat' dir='ltr'><strong>comprehensum</strong></span> <span class='ocrx_word' id='word_1_60' title='bbox 1461 1167 1462 1176; x_wconf 9' lang='grc' dir='ltr'>ἵ</span> 
     </span>
     <span class='ocr_line' id='line_1_10' title="bbox 334 1187 1367 1282; baseline 0.002 -30"><span class='ocrx_word' id='word_1_61' title='bbox 334 1219 349 1252; x_wconf 74' lang='lat' dir='ltr'>s</span> <span class='ocrx_word' id='word_1_62' title='bbox 379 1189 448 1256; x_wconf 71' lang='lat' dir='ltr'><strong>es&#39;se</strong></span> <span class='ocrx_word' id='word_1_63' title='bbox 460 1187 685 1282; x_wconf 80' lang='lat' dir='ltr'><strong>Polycarpum.</strong></span> <span class='ocrx_word' id='word_1_64' title='bbox 698 1191 745 1257; x_wconf 86' lang='lat' dir='ltr'><strong>De</strong></span> <span class='ocrx_word' id='word_1_65' title='bbox 758 1204 873 1260; x_wconf 85' lang='lat' dir='ltr'><strong>caetero</strong></span> <span class='ocrx_word' id='word_1_66' title='bbox 884 1187 1059 1256; x_wconf 88' lang='lat' dir='ltr'><strong>adductum</strong></span> <span class='ocrx_word' id='word_1_67' title='bbox 1069 1213 1143 1256; x_wconf 90' lang='lat' dir='ltr'><strong>eum</strong></span> <span class='ocrx_word' id='word_1_68' title='bbox 1158 1191 1367 1280; x_wconf 83' lang='lat' dir='ltr'><strong>interrogavit</strong></span> 
     </span>
    </p>
   </div>
   <div class='ocr_carea' id='block_1_3' title="bbox 326 1297 1462 1390">
    <p class='ocr_par' dir='ltr' id='par_1_5' title="bbox 326 1297 1462 1390">
     <span class='ocr_line' id='line_1_11' title="bbox 326 1297 1462 1390; baseline 0 -28"><span class='ocrx_word' id='word_1_69' title='bbox 326 1322 349 1362; x_wconf 63' lang='lat' dir='ltr'><strong>,s</strong></span> <span class='ocrx_word' id='word_1_70' title='bbox 380 1297 571 1388; x_wconf 83' lang='lat' dir='ltr'><strong>proconsul,</strong></span> <span class='ocrx_word' id='word_1_71' title='bbox 585 1323 626 1366; x_wconf 90' lang='lat' dir='ltr'><strong>an</strong></span> <span class='ocrx_word' id='word_1_72' title='bbox 637 1297 704 1390; x_wconf 89' lang='lat' dir='ltr'><strong>ipse</strong></span> <span class='ocrx_word' id='word_1_73' title='bbox 717 1312 798 1366; x_wconf 86' lang='lat' dir='ltr'><strong>esset</strong></span> <span class='ocrx_word' id='word_1_74' title='bbox 807 1297 1183 1388; x_wconf 82' lang='lat' dir='ltr'><strong>Polycarpusi’Cirmque</strong></span> <span class='ocrx_word' id='word_1_75' title='bbox 1194 1299 1364 1374; x_wconf 86' lang='lat' dir='ltr'><strong>fateretur,</strong></span> <span class='ocrx_word' id='word_1_76' title='bbox 1461 1311 1462 1328; x_wconf 66' lang='lat'>¹</span> 
     </span>
    </p>
   </div>
   <div class='ocr_carea' id='block_1_4' title="bbox 336 1403 1452 3617">
    <p class='ocr_par' dir='ltr' id='par_1_6' title="bbox 336 1403 1452 2670">
     <span class='ocr_line' id='line_1_12' title="bbox 336 1403 1365 1494; baseline 0.002 -28"><span class='ocrx_word' id='word_1_77' title='bbox 336 1431 349 1465; x_wconf 77' lang='lat' dir='ltr'><strong>a</strong></span> <span class='ocrx_word' id='word_1_78' title='bbox 380 1405 569 1470; x_wconf 75' lang='lat' dir='ltr'><strong>hortabatur</strong></span> <span class='ocrx_word' id='word_1_79' title='bbox 593 1403 646 1471; x_wconf 92' lang='lat' dir='ltr'><strong>ille</strong></span> <span class='ocrx_word' id='word_1_80' title='bbox 674 1415 710 1470; x_wconf 89' lang='lat' dir='ltr'><strong>ut</strong></span> <span class='ocrx_word' id='word_1_81' title='bbox 737 1415 886 1494; x_wconf 82' lang='lat' dir='ltr'><strong>negaret,</strong></span> <span class='ocrx_word' id='word_1_82' title='bbox 910 1403 1041 1470; x_wconf 88' lang='lat' dir='ltr'><strong>dicens:</strong></span> <span class='ocrx_word' id='word_1_83' title='bbox 1070 1425 1215 1470; x_wconf 85' lang='lat' dir='ltr'><strong>reverere</strong></span> <span class='ocrx_word' id='word_1_84' title='bbox 1239 1415 1365 1470; x_wconf 84' lang='lat' dir='ltr'><strong>aetatem</strong></span> 
     </span>
     <span class='ocr_line' id='line_1_13' title="bbox 336 1507 1452 1602; baseline 0.001 -29"><span class='ocrx_word' id='word_1_85' title='bbox 336 1541 349 1573; x_wconf 73' lang='lat' dir='ltr'><strong>t</strong></span> <span class='ocrx_word' id='word_1_86' title='bbox 381 1524 484 1602; x_wconf 62' lang='lat' dir='ltr'><strong>tuamc</strong></span> <span class='ocrx_word' id='word_1_87' title='bbox 509 1509 635 1600; x_wconf 89' lang='lat' dir='ltr'><strong>aliaque</strong></span> <span class='ocrx_word' id='word_1_88' title='bbox 660 1509 710 1576; x_wconf 89' lang='lat' dir='ltr'><strong>his</strong></span> <span class='ocrx_word' id='word_1_89' title='bbox 734 1507 868 1588; x_wconf 80' lang='lat' dir='ltr'>similia,</span> <span class='ocrx_word' id='word_1_90' title='bbox 890 1523 926 1574; x_wconf 89' lang='lat' dir='ltr'><strong>ut</strong></span> <span class='ocrx_word' id='word_1_91' title='bbox 958 1509 1003 1576; x_wconf 90' lang='lat' dir='ltr'><strong>illi</strong></span> <span class='ocrx_word' id='word_1_92' title='bbox 1030 1509 1133 1576; x_wconf 89' lang='lat' dir='ltr'><strong>solent</strong></span> <span class='ocrx_word' id='word_1_93' title='bbox 1145 1523 1156 1585; x_wconf 89' lang='lat'><strong>,&#39;</strong></span> <span class='ocrx_word' id='word_1_94' title='bbox 1180 1510 1361 1598; x_wconf 80' lang='lat' dir='ltr'><strong>proferens:</strong></span> <span class='ocrx_word' id='word_1_95' title='bbox 1450 1515 1452 1524; x_wconf 74' lang='grc'><em>’</em></span> 
     </span>
     <span class='ocr_line' id='line_1_14' title="bbox 337 1617 1363 1709; baseline -0.003 -25"><span class='ocrx_word' id='word_1_96' title='bbox 337 1648 349 1678; x_wconf 76' lang='grc' dir='ltr'><strong><em>ι</em></strong></span> <span class='ocrx_word' id='word_1_97' title='bbox 379 1619 451 1708; x_wconf 89' lang='lat' dir='ltr'><strong>jura</strong></span> <span class='ocrx_word' id='word_1_98' title='bbox 462 1641 521 1708; x_wconf 90' lang='lat' dir='ltr'><strong>per</strong></span> <span class='ocrx_word' id='word_1_99' title='bbox 536 1619 666 1709; x_wconf 82' lang='lat' dir='ltr'><strong>genium</strong></span> <span class='ocrx_word' id='word_1_100' title='bbox 685 1617 836 1692; x_wconf 70' lang='lat' dir='ltr'><strong>Caesaris:</strong></span> <span class='ocrx_word' id='word_1_101' title='bbox 855 1617 1005 1707; x_wconf 90' lang='lat' dir='ltr'><strong>resipisce</strong></span> <span class='ocrx_word' id='word_1_102' title='bbox 1012 1643 1021 1693; x_wconf 69' lang='grc' dir='ltr'>ς</span> <span class='ocrx_word' id='word_1_103' title='bbox 1038 1617 1108 1684; x_wconf 91' lang='lat' dir='ltr'><strong>dic:</strong></span> <span class='ocrx_word' id='word_1_104' title='bbox 1127 1617 1217 1684; x_wconf 83' lang='lat' dir='ltr'><strong>Tolle</strong></span> <span class='ocrx_word' id='word_1_105' title='bbox 1231 1617 1363 1706; x_wconf 83' lang='lat' dir='ltr'><strong>impios.</strong></span> 
     </span>
     <span class='ocr_line' id='line_1_15' title="bbox 338 1721 1364 1816; baseline 0.001 -29"><span class='ocrx_word' id='word_1_106' title='bbox 338 1755 350 1787; x_wconf 64' lang='grc' dir='ltr'><strong>ι</strong></span> <span class='ocrx_word' id='word_1_107' title='bbox 381 1725 472 1794; x_wconf 86' lang='lat' dir='ltr'><strong>Tunc</strong></span> <span class='ocrx_word' id='word_1_108' title='bbox 484 1725 679 1816; x_wconf 82' lang='lat' dir='ltr'><strong>Polycarpus</strong></span> <span class='ocrx_word' id='word_1_109' title='bbox 695 1727 781 1816; x_wconf 77' lang='lat' dir='ltr'><strong>gravi</strong></span> <span class='ocrx_word' id='word_1_110' title='bbox 798 1749 835 1792; x_wconf 92' lang='lat' dir='ltr'><strong>ac</strong></span> <span class='ocrx_word' id='word_1_111' title='bbox 852 1747 961 1791; x_wconf 83' lang='lat' dir='ltr'><strong>severo</strong></span> <span class='ocrx_word' id='word_1_112' title='bbox 984 1721 1074 1790; x_wconf 89' lang='lat' dir='ltr'><strong>vultu</strong></span> <span class='ocrx_word' id='word_1_113' title='bbox 1087 1723 1216 1788; x_wconf 86' lang='lat' dir='ltr'><strong>turbam</strong></span> <span class='ocrx_word' id='word_1_114' title='bbox 1232 1745 1364 1788; x_wconf 88' lang='lat' dir='ltr'><strong>omnem</strong></span> 
     </span>
     <span class='ocr_line' id='line_1_16' title="bbox 337 1827 1361 1922; baseline -0.003 -24"><span class='ocrx_word' id='word_1_115' title='bbox 337 1860 349 1893; x_wconf 73' lang='lat' dir='ltr'><strong>a</strong></span> <span class='ocrx_word' id='word_1_116' title='bbox 381 1832 628 1910; x_wconf 88' lang='lat' dir='ltr'><strong>sceleratorum,</strong></span> <span class='ocrx_word' id='word_1_117' title='bbox 646 1833 700 1922; x_wconf 91' lang='lat' dir='ltr'><strong>qui</strong></span> <span class='ocrx_word' id='word_1_118' title='bbox 719 1833 752 1899; x_wconf 95' lang='lat' dir='ltr'><strong>in</strong></span> <span class='ocrx_word' id='word_1_119' title='bbox 772 1831 874 1898; x_wconf 87' lang='lat' dir='ltr'><strong>stadio</strong></span> <span class='ocrx_word' id='word_1_120' title='bbox 891 1843 983 1898; x_wconf 90' lang='lat' dir='ltr'><strong>erant</strong></span> <span class='ocrx_word' id='word_1_121' title='bbox 1002 1827 1170 1920; x_wconf 83' lang='lat' dir='ltr'>gentilium</span> <span class='ocrx_word' id='word_1_122' title='bbox 1187 1843 1361 1906; x_wconf 89' lang='lat' dir='ltr'><strong>contuens,</strong></span> 
     </span>
     <span class='ocr_line' id='line_1_17' title="bbox 336 1933 1366 2024; baseline 0.001 -26"><span class='ocrx_word' id='word_1_123' title='bbox 336 1966 349 1998; x_wconf 73' lang='lat' dir='ltr'><strong>a</strong></span> <span class='ocrx_word' id='word_1_124' title='bbox 380 1960 576 2024; x_wconf 89' lang='lat' dir='ltr'><strong>manumque</strong></span> <span class='ocrx_word' id='word_1_125' title='bbox 597 1939 629 2003; x_wconf 92' lang='lat' dir='ltr'><strong>in</strong></span> <span class='ocrx_word' id='word_1_126' title='bbox 646 1960 700 2003; x_wconf 88' lang='lat' dir='ltr'><strong>eos</strong></span> <span class='ocrx_word' id='word_1_127' title='bbox 719 1939 899 2013; x_wconf 90' lang='lat' dir='ltr'><strong>intentans,</strong></span> <span class='ocrx_word' id='word_1_128' title='bbox 921 1933 1079 2024; x_wconf 80' lang='lat' dir='ltr'><strong>simulque</strong></span> <span class='ocrx_word' id='word_1_129' title='bbox 1097 1957 1227 2024; x_wconf 81' lang='lat' dir='ltr'><strong>gemeus</strong></span> <span class='ocrx_word' id='word_1_130' title='bbox 1243 1957 1281 2000; x_wconf 90' lang='lat' dir='ltr'><strong>ac</strong></span> <span class='ocrx_word' id='word_1_131' title='bbox 1298 1957 1366 2000; x_wconf 89' lang='lat' dir='ltr'><strong>coe-</strong></span> 
     </span>
     <span class='ocr_line' id='line_1_18' title="bbox 337 2043 1365 2134; baseline 0 -28"><span class='ocrx_word' id='word_1_132' title='bbox 337 2075 349 2106; x_wconf 70' lang='lat' dir='ltr'><strong>a</strong></span> <span class='ocrx_word' id='word_1_133' title='bbox 381 2043 448 2110; x_wconf 90' lang='lat' dir='ltr'><strong>lum</strong></span> <span class='ocrx_word' id='word_1_134' title='bbox 471 2045 668 2134; x_wconf 85' lang='lat' dir='ltr'>suspiciens,</span> <span class='ocrx_word' id='word_1_135' title='bbox 692 2043 791 2110; x_wconf 83' lang='lat' dir='ltr'>dixit:</span> <span class='ocrx_word' id='word_1_136' title='bbox 814 2045 904 2110; x_wconf 81' lang='lat' dir='ltr'><strong>Tolle</strong></span> <span class='ocrx_word' id='word_1_137' title='bbox 930 2045 1060 2132; x_wconf 77' lang='lat' dir='ltr'><strong>impios.</strong></span> <span class='ocrx_word' id='word_1_138' title='bbox 1092 2043 1262 2110; x_wconf 88' lang='lat' dir='ltr'><strong>Insistente</strong></span> <span class='ocrx_word' id='word_1_139' title='bbox 1289 2047 1365 2108; x_wconf 81' lang='lat' dir='ltr'><strong>vero</strong></span> 
     </span>
     <span class='ocr_line' id='line_1_19' title="bbox 338 2140 1366 2240; baseline 0.001 -28"><span class='ocrx_word' id='word_1_140' title='bbox 338 2179 351 2212; x_wconf 74' lang='grc' dir='ltr'><strong>ι</strong></span> <span class='ocrx_word' id='word_1_141' title='bbox 380 2149 573 2240; x_wconf 81' lang='lat' dir='ltr'><strong>proconsule</strong></span> <span class='ocrx_word' id='word_1_142' title='bbox 586 2201 595 2228; x_wconf 90' lang='lat'><strong>,</strong></span> <span class='ocrx_word' id='word_1_143' title='bbox 606 2163 701 2239; x_wconf 90' lang='lat' dir='ltr'><strong>atque</strong></span> <span class='ocrx_word' id='word_1_144' title='bbox 714 2151 817 2217; x_wconf 79' lang='lat' dir='ltr'><strong>aiente</strong></span> <span class='ocrx_word' id='word_1_145' title='bbox 827 2173 835 2216; x_wconf 93' lang='lat'><strong>:</strong></span> <span class='ocrx_word' id='word_1_146' title='bbox 844 2149 864 2216; x_wconf 82' lang='lat' dir='ltr'><strong>J</strong></span> <span class='ocrx_word' id='word_1_147' title='bbox 867 2173 936 2226; x_wconf 88' lang='lat' dir='ltr'><strong>ura,</strong></span> <span class='ocrx_word' id='word_1_148' title='bbox 947 2161 979 2214; x_wconf 89' lang='lat' dir='ltr'><strong>et</strong></span> <span class='ocrx_word' id='word_1_149' title='bbox 988 2149 1113 2214; x_wconf 84' lang='lat' dir='ltr'><strong>dimitto</strong></span> <span class='ocrx_word' id='word_1_150' title='bbox 1122 2140 1170 2223; x_wconf 79' lang='lat' dir='ltr'><strong>te3</strong></span> <span class='ocrx_word' id='word_1_151' title='bbox 1185 2147 1366 2214; x_wconf 85' lang='lat' dir='ltr'><strong>convicium</strong></span> 
     </span>
     <span class='ocr_line' id='line_1_20' title="bbox 338 2247 1367 2346; baseline 0.004 -30"><span class='ocrx_word' id='word_1_152' title='bbox 338 2247 365 2316; x_wconf 58' lang='grc' dir='ltr'><strong>ω’</strong></span> <span class='ocrx_word' id='word_1_153' title='bbox 382 2255 433 2322; x_wconf 83' lang='lat' dir='ltr'><strong>iao</strong></span> <span class='ocrx_word' id='word_1_154' title='bbox 462 2253 598 2322; x_wconf 87' lang='lat' dir='ltr'><strong>Christo.</strong></span> <span class='ocrx_word' id='word_1_155' title='bbox 626 2255 821 2346; x_wconf 81' lang='lat' dir='ltr'><strong>Polycarpus</strong></span> <span class='ocrx_word' id='word_1_156' title='bbox 849 2255 1011 2346; x_wconf 89' lang='lat' dir='ltr'><strong>respondit</strong></span> <span class='ocrx_word' id='word_1_157' title='bbox 1029 2281 1036 2322; x_wconf 93' lang='lat'><strong>:</strong></span> <span class='ocrx_word' id='word_1_158' title='bbox 1057 2255 1228 2346; x_wconf 83' lang='lat' dir='ltr'><strong>Octoginta</strong></span> <span class='ocrx_word' id='word_1_159' title='bbox 1251 2268 1284 2320; x_wconf 88' lang='lat' dir='ltr'><strong>et</strong></span> <span class='ocrx_word' id='word_1_160' title='bbox 1312 2279 1367 2320; x_wconf 80' lang='lat' dir='ltr'><strong>sex</strong></span> 
     </span>
     <span class='ocr_line' id='line_1_21' title="bbox 340 2365 1362 2455; baseline 0.004 -29"><span class='ocrx_word' id='word_1_161' title='bbox 340 2393 352 2426; x_wconf 72' lang='lat' dir='ltr'>s</span> <span class='ocrx_word' id='word_1_162' title='bbox 382 2365 457 2430; x_wconf 87' lang='lat' dir='ltr'><strong>anni</strong></span> <span class='ocrx_word' id='word_1_163' title='bbox 474 2378 548 2432; x_wconf 90' lang='lat' dir='ltr'><strong>sunt</strong></span> <span class='ocrx_word' id='word_1_164' title='bbox 567 2389 606 2432; x_wconf 82' lang='lat' dir='ltr'><strong>ex</strong></span> <span class='ocrx_word' id='word_1_165' title='bbox 617 2390 681 2455; x_wconf 92' lang='lat' dir='ltr'><strong>quo</strong></span> <span class='ocrx_word' id='word_1_166' title='bbox 697 2367 799 2434; x_wconf 90' lang='lat' dir='ltr'><strong>servio</strong></span> <span class='ocrx_word' id='word_1_167' title='bbox 812 2368 860 2443; x_wconf 90' lang='lat' dir='ltr'><strong>ei,</strong></span> <span class='ocrx_word' id='word_1_168' title='bbox 880 2389 1008 2436; x_wconf 80' lang='lat' dir='ltr'><strong>neema</strong></span> <span class='ocrx_word' id='word_1_169' title='bbox 1026 2365 1090 2434; x_wconf 73' lang='lat' dir='ltr'><strong>ulla</strong></span> <span class='ocrx_word' id='word_1_170' title='bbox 1108 2366 1214 2434; x_wconf 83' lang='lat' dir='ltr'><strong>affecit</strong></span> <span class='ocrx_word' id='word_1_171' title='bbox 1229 2367 1362 2455; x_wconf 72' lang='lat' dir='ltr'><strong>injurit3</strong></span> 
     </span>
     <span class='ocr_line' id='line_1_22' title="bbox 338 2473 1366 2565; baseline 0 -25"><span class='ocrx_word' id='word_1_172' title='bbox 338 2496 351 2532; x_wconf 74' lang='lat' dir='ltr'><strong>r</strong></span> <span class='ocrx_word' id='word_1_173' title='bbox 382 2473 592 2562; x_wconf 80' lang='lat' dir='ltr'><strong>etquomodb</strong></span> <span class='ocrx_word' id='word_1_174' title='bbox 615 2499 742 2563; x_wconf 88' lang='lat' dir='ltr'><strong>possem</strong></span> <span class='ocrx_word' id='word_1_175' title='bbox 766 2475 910 2549; x_wconf 85' lang='lat' dir='ltr'><strong>convicia</strong></span> <span class='ocrx_word' id='word_1_176' title='bbox 938 2475 1046 2543; x_wconf 86' lang='lat' dir='ltr'><strong>dicere</strong></span> <span class='ocrx_word' id='word_1_177' title='bbox 1072 2473 1224 2541; x_wconf 77' lang='lat' dir='ltr'><strong>adversus</strong></span> <span class='ocrx_word' id='word_1_178' title='bbox 1254 2497 1366 2565; x_wconf 80' lang='lat' dir='ltr'><strong>regem</strong></span> 
     </span>
     <span class='ocr_line' id='line_1_23' title="bbox 338 2579 898 2670; baseline 0.011 -31"><span class='ocrx_word' id='word_1_179' title='bbox 338 2605 350 2639; x_wconf 70' lang='lat' dir='ltr'><strong>a</strong></span> <span class='ocrx_word' id='word_1_180' title='bbox 381 2601 509 2657; x_wconf 86' lang='lat' dir='ltr'><strong>meum,</strong></span> <span class='ocrx_word' id='word_1_181' title='bbox 526 2581 580 2670; x_wconf 92' lang='lat' dir='ltr'><strong>qui</strong></span> <span class='ocrx_word' id='word_1_182' title='bbox 592 2579 713 2650; x_wconf 82' lang='lat' dir='ltr'><strong>salvum</strong></span> <span class='ocrx_word' id='word_1_183' title='bbox 728 2601 781 2648; x_wconf 83' lang='lat' dir='ltr'><strong>rno</strong></span> <span class='ocrx_word' id='word_1_184' title='bbox 799 2579 898 2649; x_wconf 71' lang='lat' dir='ltr'><strong>iecit?</strong></span> 
     </span>
    </p>

    <p class='ocr_par' dir='ltr' id='par_1_7' title="bbox 336 2677 1369 3617">
     <span class='ocr_line' id='line_1_24' title="bbox 338 2677 1365 2776; baseline 0.007 -31"><span class='ocrx_word' id='word_1_185' title='bbox 338 2677 340 2680; x_wconf 68' lang='grc'><strong>’</strong></span> <span class='ocrx_word' id='word_1_186' title='bbox 382 2711 395 2745; x_wconf 71' lang='lat' dir='ltr'><strong>s</strong></span> <span class='ocrx_word' id='word_1_187' title='bbox 428 2681 566 2774; x_wconf 81' lang='lat' dir='ltr'><strong>Urgente</strong></span> <span class='ocrx_word' id='word_1_188' title='bbox 582 2691 692 2752; x_wconf 75' lang='lat' dir='ltr'><strong>rursus</strong></span> <span class='ocrx_word' id='word_1_189' title='bbox 710 2683 787 2764; x_wconf 86' lang='lat' dir='ltr'><strong>illo,</strong></span> <span class='ocrx_word' id='word_1_190' title='bbox 809 2709 847 2754; x_wconf 90' lang='lat' dir='ltr'><strong>ao</strong></span> <span class='ocrx_word' id='word_1_191' title='bbox 862 2687 1049 2776; x_wconf 88' lang='lat' dir='ltr'><strong>inquiente:</strong></span> <span class='ocrx_word' id='word_1_192' title='bbox 1074 2687 1145 2776; x_wconf 82' lang='lat' dir='ltr'><strong>jura</strong></span> <span class='ocrx_word' id='word_1_193' title='bbox 1161 2708 1220 2776; x_wconf 87' lang='lat' dir='ltr'><strong>per</strong></span> <span class='ocrx_word' id='word_1_194' title='bbox 1235 2685 1365 2776; x_wconf 84' lang='lat' dir='ltr'><strong>genium</strong></span> 
     </span>
     <span class='ocr_line' id='line_1_25' title="bbox 338 2787 1365 2883; baseline 0.009 -32"><span class='ocrx_word' id='word_1_195' title='bbox 338 2817 351 2851; x_wconf 71' lang='lat' dir='ltr'><strong>a</strong></span> <span class='ocrx_word' id='word_1_196' title='bbox 385 2787 532 2868; x_wconf 81' lang='lat' dir='ltr'><strong>Gaesaris3</strong></span> <span class='ocrx_word' id='word_1_197' title='bbox 552 2793 738 2883; x_wconf 85' lang='lat' dir='ltr'><strong>respondit:</strong></span> <span class='ocrx_word' id='word_1_198' title='bbox 756 2795 781 2860; x_wconf 91' lang='lat' dir='ltr'><strong>si</strong></span> <span class='ocrx_word' id='word_1_199' title='bbox 808 2793 1187 2872; x_wconf 71' lang='lat' dir='ltr'><strong>ambitioseooutendis,</strong></span> <span class='ocrx_word' id='word_1_200' title='bbox 1205 2809 1240 2860; x_wconf 89' lang='lat' dir='ltr'><strong>ut</strong></span> <span class='ocrx_word' id='word_1_201' title='bbox 1259 2793 1365 2883; x_wconf 86' lang='lat' dir='ltr'><strong>jurem</strong></span> 
     </span>
     <span class='ocr_line' id='line_1_26' title="bbox 339 2894 1365 2986; baseline 0.008 -32"><span class='ocrx_word' id='word_1_202' title='bbox 339 2919 351 2954; x_wconf 86' lang='lat'><strong>»</strong></span> <span class='ocrx_word' id='word_1_203' title='bbox 382 2913 441 2981; x_wconf 87' lang='lat' dir='ltr'><strong>per</strong></span> <span class='ocrx_word' id='word_1_204' title='bbox 461 2894 612 2973; x_wconf 83' lang='lat' dir='ltr'><strong>Caesaris,</strong></span> <span class='ocrx_word' id='word_1_205' title='bbox 632 2907 666 2962; x_wconf 89' lang='lat' dir='ltr'><strong>ut</strong></span> <span class='ocrx_word' id='word_1_206' title='bbox 688 2909 722 2962; x_wconf 90' lang='lat' dir='ltr'><strong>tu</strong></span> <span class='ocrx_word' id='word_1_207' title='bbox 745 2921 858 2974; x_wconf 84' lang='lat' dir='ltr'><strong>vocas,</strong></span> <span class='ocrx_word' id='word_1_208' title='bbox 884 2899 1014 2986; x_wconf 86' lang='lat' dir='ltr'><strong>genium</strong></span> <span class='ocrx_word' id='word_1_209' title='bbox 1027 2949 1036 2974; x_wconf 88' lang='lat'><strong><em>‚</em></strong></span> <span class='ocrx_word' id='word_1_210' title='bbox 1049 2895 1179 2964; x_wconf 90' lang='lat' dir='ltr'><strong>simulas</strong></span> <span class='ocrx_word' id='word_1_211' title='bbox 1195 2908 1304 2964; x_wconf 89' lang='lat' dir='ltr'><strong>autem</strong></span> <span class='ocrx_word' id='word_1_212' title='bbox 1333 2911 1365 2963; x_wconf 91' lang='lat' dir='ltr'><strong>te</strong></span> 
     </span>
     <span class='ocr_line' id='line_1_27' title="bbox 336 2997 1365 3090; baseline 0.01 -32"><span class='ocrx_word' id='word_1_213' title='bbox 336 3009 354 3058; x_wconf 72' lang='lat' dir='ltr'><strong>s&#39;</strong></span> <span class='ocrx_word' id='word_1_214' title='bbox 382 2997 528 3086; x_wconf 83' lang='lat' dir='ltr'><strong>ignorare</strong></span> <span class='ocrx_word' id='word_1_215' title='bbox 551 3001 620 3090; x_wconf 91' lang='lat' dir='ltr'><strong>quis</strong></span> <span class='ocrx_word' id='word_1_216' title='bbox 640 3002 718 3077; x_wconf 86' lang='lat' dir='ltr'><strong>sim,</strong></span> <span class='ocrx_word' id='word_1_217' title='bbox 737 3000 844 3090; x_wconf 73' lang='lat' dir='ltr'><strong>palam</strong></span> <span class='ocrx_word' id='word_1_218' title='bbox 867 3001 964 3068; x_wconf 90' lang='lat' dir='ltr'><strong>audi:</strong></span> <span class='ocrx_word' id='word_1_219' title='bbox 993 3001 1194 3068; x_wconf 84' lang='lat' dir='ltr'><strong>Christianus</strong></span> <span class='ocrx_word' id='word_1_220' title='bbox 1221 3023 1303 3069; x_wconf 86' lang='lat' dir='ltr'><strong>sum.</strong></span> <span class='ocrx_word' id='word_1_221' title='bbox 1331 3001 1365 3068; x_wconf 85' lang='lat' dir='ltr'><strong>si</strong></span> 
     </span>
     <span class='ocr_line' id='line_1_28' title="bbox 338 3103 1366 3196; baseline 0.01 -34"><span class='ocrx_word' id='word_1_222' title='bbox 338 3103 458 3168; x_wconf 59' lang='lat' dir='ltr'><strong>svart</strong></span> <span class='ocrx_word' id='word_1_223' title='bbox 481 3107 570 3194; x_wconf 86' lang='lat' dir='ltr'><strong>cupis</strong></span> <span class='ocrx_word' id='word_1_224' title='bbox 593 3106 772 3172; x_wconf 84' lang='lat' dir='ltr'><strong>christianae</strong></span> <span class='ocrx_word' id='word_1_225' title='bbox 793 3104 954 3196; x_wconf 80' lang='lat' dir='ltr'><strong>religionis</strong></span> <span class='ocrx_word' id='word_1_226' title='bbox 978 3105 1139 3172; x_wconf 85' lang='lat' dir='ltr'><strong>rationem&#39;</strong></span> <span class='ocrx_word' id='word_1_227' title='bbox 1158 3107 1303 3184; x_wconf 87' lang='lat' dir='ltr'><strong>discere,</strong></span> <span class='ocrx_word' id='word_1_228' title='bbox 1327 3107 1366 3171; x_wconf 86' lang='lat' dir='ltr'><strong>da</strong></span> 
     </span>
     <span class='ocr_line' id='line_1_29' title="bbox 339 3207 1368 3300; baseline 0.006 -30"><span class='ocrx_word' id='word_1_229' title='bbox 339 3235 352 3269; x_wconf 76' lang='lat' dir='ltr'><strong>a</strong></span> <span class='ocrx_word' id='word_1_230' title='bbox 384 3207 448 3273; x_wconf 92' lang='lat' dir='ltr'><strong>diei</strong></span> <span class='ocrx_word' id='word_1_231' title='bbox 472 3211 632 3298; x_wconf 84' lang='lat' dir='ltr'><strong>spatium,</strong></span> <span class='ocrx_word' id='word_1_232' title='bbox 651 3222 683 3277; x_wconf 86' lang='lat' dir='ltr'><strong>ct</strong></span> <span class='ocrx_word' id='word_1_233' title='bbox 700 3211 785 3293; x_wconf 75' lang='lat' dir='ltr'><strong>audi</strong></span> <span class='ocrx_word' id='word_1_234' title='bbox 804 3211 980 3278; x_wconf 78' lang='lat' dir='ltr'><strong>l‘roconsul</strong></span> <span class='ocrx_word' id='word_1_235' title='bbox 1007 3209 1106 3276; x_wconf 86' lang='lat' dir='ltr'><strong>dixit:</strong></span> <span class='ocrx_word' id='word_1_236' title='bbox 1125 3211 1287 3278; x_wconf 87' lang='lat' dir='ltr'><strong>Persuade</strong></span> <span class='ocrx_word' id='word_1_237' title='bbox 1309 3235 1368 3300; x_wconf 89' lang='lat' dir='ltr'><strong>po-</strong></span> 
     </span>
     <span class='ocr_line' id='line_1_30' title="bbox 339 3313 1367 3408; baseline 0.008 -34"><span class='ocrx_word' id='word_1_238' title='bbox 339 3339 352 3374; x_wconf 80' lang='lat' dir='ltr'><strong>n</strong></span> <span class='ocrx_word' id='word_1_239' title='bbox 382 3313 471 3403; x_wconf 89' lang='lat' dir='ltr'><strong>pulo.</strong></span> <span class='ocrx_word' id='word_1_240' title='bbox 488 3315 683 3407; x_wconf 86' lang='lat' dir='ltr'><strong>Polycarpus</strong></span> <span class='ocrx_word' id='word_1_241' title='bbox 703 3317 884 3408; x_wconf 85' lang='lat' dir='ltr'><strong>respondit:</strong></span> <span class='ocrx_word' id='word_1_242' title='bbox 900 3316 1075 3406; x_wconf 88' lang='lat' dir='ltr'><strong>tequidem</strong></span> <span class='ocrx_word' id='word_1_243' title='bbox 1094 3340 1243 3384; x_wconf 88' lang='lat' dir='ltr'><strong>sermone</strong></span> <span class='ocrx_word' id='word_1_244' title='bbox 1259 3339 1298 3384; x_wconf 92' lang='lat' dir='ltr'><strong>ac</strong></span> <span class='ocrx_word' id='word_1_245' title='bbox 1315 3341 1367 3382; x_wconf 91' lang='lat' dir='ltr'><strong>ra-</strong></span> 
     </span>
     <span class='ocr_line' id='line_1_31' title="bbox 339 3419 1368 3512; baseline 0.007 -34"><span class='ocrx_word' id='word_1_246' title='bbox 339 3445 354 3478; x_wconf 77' lang='lat'><strong>»</strong></span> <span class='ocrx_word' id='word_1_247' title='bbox 387 3419 473 3487; x_wconf 92' lang='lat' dir='ltr'><strong>tione</strong></span> <span class='ocrx_word' id='word_1_248' title='bbox 492 3421 639 3510; x_wconf 80' lang='lat' dir='ltr'><strong>dignatus</strong></span> <span class='ocrx_word' id='word_1_249' title='bbox 656 3447 727 3489; x_wconf 90' lang='lat' dir='ltr'><strong>sum</strong></span> <span class='ocrx_word' id='word_1_250' title='bbox 734 3447 744 3498; x_wconf 83' lang='lat'><em>3</em></span> <span class='ocrx_word' id='word_1_251' title='bbox 763 3422 867 3489; x_wconf 87' lang='lat' dir='ltr'><strong>edocti</strong></span> <span class='ocrx_word' id='word_1_252' title='bbox 886 3445 1026 3512; x_wconf 86' lang='lat' dir='ltr'><strong>namque</strong></span> <span class='ocrx_word' id='word_1_253' title='bbox 1041 3441 1150 3488; x_wconf 85' lang='lat' dir='ltr'><strong>snmus</strong></span> <span class='ocrx_word' id='word_1_254' title='bbox 1169 3421 1368 3512; x_wconf 85' lang='lat' dir='ltr'><strong>principibus</strong></span> 
     </span>
     <span class='ocr_line' id='line_1_32' title="bbox 339 3527 1369 3617; baseline 0.005 -31"><span class='ocrx_word' id='word_1_255' title='bbox 339 3552 352 3586; x_wconf 77' lang='lat' dir='ltr'><strong>a</strong></span> <span class='ocrx_word' id='word_1_256' title='bbox 385 3537 416 3590; x_wconf 90' lang='lat' dir='ltr'><strong>et</strong></span> <span class='ocrx_word' id='word_1_257' title='bbox 432 3529 642 3616; x_wconf 80' lang='lat' dir='ltr'><strong>potestatibus</strong></span> <span class='ocrx_word' id='word_1_258' title='bbox 657 3537 675 3596; x_wconf 79' lang='lat' dir='ltr'><strong>a</strong></span> <span class='ocrx_word' id='word_1_259' title='bbox 695 3531 764 3596; x_wconf 89' lang='lat' dir='ltr'><strong>Deo</strong></span> <span class='ocrx_word' id='word_1_260' title='bbox 775 3529 930 3596; x_wconf 88' lang='lat' dir='ltr'><strong>ordinatis</strong></span> <span class='ocrx_word' id='word_1_261' title='bbox 944 3529 1102 3595; x_wconf 88' lang='lat' dir='ltr'><strong>honorem</strong></span> <span class='ocrx_word' id='word_1_262' title='bbox 1116 3580 1125 3606; x_wconf 92' lang='lat'>,</span> <span class='ocrx_word' id='word_1_263' title='bbox 1137 3539 1235 3617; x_wconf 91' lang='lat' dir='ltr'><strong>prout</strong></span> <span class='ocrx_word' id='word_1_264' title='bbox 1257 3527 1369 3602; x_wconf 86' lang='lat' dir='ltr'><strong>dccet,</strong></span> 
     </span>
    </p>
   </div>
   <div class='ocr_carea' id='block_1_5' title="bbox 183 3633 1369 3726">
    <p class='ocr_par' dir='ltr' id='par_1_8' title="bbox 183 3633 1369 3726">
     <span class='ocr_line' id='line_1_33' title="bbox 183 3633 1369 3726; baseline -0.002 -24"><span class='ocrx_word' id='word_1_265' title='bbox 183 3695 186 3702; x_wconf 88' lang='lat'>.</span> <span class='ocrx_word' id='word_1_266' title='bbox 236 3683 238 3686; x_wconf 86' lang='lat'>-</span> <span class='ocrx_word' id='word_1_267' title='bbox 332 3645 355 3692; x_wconf 69' lang='lat' dir='ltr'><strong>‘s</strong></span> <span class='ocrx_word' id='word_1_268' title='bbox 385 3633 438 3720; x_wconf 91' lang='lat' dir='ltr'><strong>qui</strong></span> <span class='ocrx_word' id='word_1_269' title='bbox 455 3634 546 3699; x_wconf 89' lang='lat' dir='ltr'><strong>nobis</strong></span> <span class='ocrx_word' id='word_1_270' title='bbox 562 3655 627 3699; x_wconf 88' lang='lat' dir='ltr'><strong>non</strong></span> <span class='ocrx_word' id='word_1_271' title='bbox 643 3635 779 3711; x_wconf 87' lang='lat' dir='ltr'><strong>officiat,</strong></span> <span class='ocrx_word' id='word_1_272' title='bbox 792 3635 887 3709; x_wconf 84' lang='lat' dir='ltr'><strong>dare3</strong></span> <span class='ocrx_word' id='word_1_273' title='bbox 910 3633 981 3700; x_wconf 84' lang='lat' dir='ltr'><strong>illos</strong></span> <span class='ocrx_word' id='word_1_274' title='bbox 994 3641 1072 3700; x_wconf 79' lang='lat' dir='ltr'><strong>verb</strong></span> <span class='ocrx_word' id='word_1_275' title='bbox 1088 3635 1234 3726; x_wconf 85' lang='lat' dir='ltr'><strong>indignos</strong></span> <span class='ocrx_word' id='word_1_276' title='bbox 1251 3653 1369 3703; x_wconf 87' lang='lat' dir='ltr'><strong>censeo</strong></span> 
     </span>
    </p>
   </div>
   <div class='ocr_carea' id='block_1_6' title="bbox 338 3739 1371 3935">
    <p class='ocr_par' dir='ltr' id='par_1_9' title="bbox 338 3739 1371 3935">
     <span class='ocr_line' id='line_1_34' title="bbox 338 3739 833 3824; baseline 0.012 -23"><span class='ocrx_word' id='word_1_277' title='bbox 338 3766 353 3796; x_wconf 73' lang='lat' dir='ltr'><strong>a</strong></span> <span class='ocrx_word' id='word_1_278' title='bbox 385 3739 501 3824; x_wconf 88' lang='lat' dir='ltr'><strong>quibus</strong></span> <span class='ocrx_word' id='word_1_279' title='bbox 516 3743 674 3807; x_wconf 87' lang='lat' dir='ltr'><strong>rationem</strong></span> <span class='ocrx_word' id='word_1_280' title='bbox 687 3741 833 3807; x_wconf 86' lang='lat' dir='ltr'><strong>reddam.</strong></span> 
     </span>
     <span class='ocr_line' id='line_1_35' title="bbox 386 3842 1371 3935; baseline 0.001 -27"><span class='ocrx_word' id='word_1_281' title='bbox 386 3871 397 3902; x_wconf 73' lang='lat' dir='ltr'><strong>a</strong></span> <span class='ocrx_word' id='word_1_282' title='bbox 431 3842 471 3908; x_wconf 81' lang='lat' dir='ltr'><strong>tlt</strong></span> <span class='ocrx_word' id='word_1_283' title='bbox 490 3845 662 3932; x_wconf 88' lang='lat' dir='ltr'><strong>proconsul</strong></span> <span class='ocrx_word' id='word_1_284' title='bbox 685 3845 725 3912; x_wconf 90' lang='lat' dir='ltr'><strong>ad</strong></span> <span class='ocrx_word' id='word_1_285' title='bbox 742 3847 847 3935; x_wconf 87' lang='lat' dir='ltr'><strong>ipsum</strong></span> <span class='ocrx_word' id='word_1_286' title='bbox 864 3845 942 3910; x_wconf 83' lang='lat' dir='ltr'><strong>dixit</strong></span> <span class='ocrx_word' id='word_1_287' title='bbox 961 3869 969 3909; x_wconf 75' lang='lat' dir='ltr'><em>z</em></span> <span class='ocrx_word' id='word_1_288' title='bbox 989 3845 1108 3910; x_wconf 88' lang='lat' dir='ltr'><strong>Bestias</strong></span> <span class='ocrx_word' id='word_1_289' title='bbox 1124 3845 1253 3921; x_wconf 88' lang='lat' dir='ltr'><strong>habco,</strong></span> <span class='ocrx_word' id='word_1_290' title='bbox 1272 3845 1371 3910; x_wconf 78' lang='lat' dir='ltr'><strong>histo</strong></span> 
     </span>
    </p>
   </div>
   <div class='ocr_carea' id='block_1_7' title="bbox 0 0 1489 4586">
    <p class='ocr_par' dir='ltr' id='par_1_10' title="bbox 0 0 1489 4586">
     <span class='ocr_line' id='line_1_36' title="bbox 0 0 1489 4586; baseline 0 0"><span class='ocrx_word' id='word_1_291' title='bbox 0 0 1489 4586; x_wconf 95' lang='lat' dir='ltr'><strong> </strong></span> 
     </span>
    </p>
   </div>
  </div>
 </body>
</html>
