2940 4570
315 4029 324 4069 l

824 329 935 416 (⁸⁸)

361 471 515 546 affirmem
535 471 620 560 quod
641 467 681 536 de
708 467 853 560 originali
869 482 1003 558 peccato
1022 465 1112 558 quusi
1129 467 1308 560 dubitando
1331 465 1387 531 lo-

352 578 493 670 y'quatur3
513 574 598 664 quod
622 570 760 662 donique
782 573 888 662 ignem
919 573 1080 638 infernum
1108 570 1187 637 nihil
1208 569 1386 636 aliudesse

348 687 456 778 ‘quam
478 681 679 750 conscientiae
702 691 849 756 reatum,
874 679 1163 768 damnatorumque
1182 695 1296 766 poenas
1317 700 1385 743 non

317 815 320 820 ·
358 789 425 856 sore
441 801 585 865 aeternas,
603 799 713 854 contra
731 807 937 852 communem
954 784 1103 876 Ecclesiae
1116 785 1308 874 doctrinam,
1323 806 1385 882 sae-

270 913 272 918 ·
355 895 427 986 pius
442 893 574 982 ingerat.
596 889 685 958 Adde
701 889 787 978 quod
812 889 844 954 in
861 890 1122 976 interpretatione
1139 887 1381 974 Scripturaram

345 983 512 1098 ¹allegoriis
527 997 662 1062 uirnilrrn
675 993 858 1082 indulgeat,
874 1007 906 1060 et
922 995 1066 1059 omnium
1083 995 1152 1060 lert
1167 993 1301 1082 Origeui
1318 993 1383 1060 ob'-

354 1105 515 1198 jectorum
532 1101 648 1168 seriem
664 1123 728 1166 uno
742 1101 858 1165 intuitu
872 1101 1053 1190 perspicies.
1104 1105 1107 1112 '
1123 1124 1127 1135 ’

400 1210 470 1278 Nou
480 1211 594 1274 desunt
609 1220 715 1272 tamen
731 1227 785 1297 qur
778 1205 886 1272 'illius
900 1206 1215 1272 defendendicurnm
1227 1195 1383 1296 suscepe—

355 1319 436 1394 rint,
453 1329 486 1384 et
500 1314 545 1382 dlr
561 1313 690 1404 quidem
703 1326 767 1379 tres
783 1315 1002 1380 excusationes
1015 1314 1218 1387 alienanti.
1221 1315 1381 1403 ''qtridem

341 1405 532 1490 ¹notandum
546 1419 660 1487 volunt
675 1419 767 1508 plura
783 1443 852 1486 esse
871 1421 911 1485 ab
928 1420 1110 1494 hereticis,
1118 1416 1173 1516 ¹qui
1195 1421 1254 1484 sub
1271 1433 1345 1510 mag
1346 1422 1379 1486 ni

342 1518 492 1602 'nominis
512 1509 625 1594 umbra
650 1525 816 1595 decertare
839 1528 1039 1617 gaudebant,
1046 1525 1278 1593 fraudulenter
1300 1529 1384 1594 sub-

352 1636 467 1712 missa,
495 1636 615 1724 utipse
637 1635 866 1710 virusadhuc,
882 1633 998 1700 Rufino
1022 1643 1121 1709 testo,
1143 1634 1374 1732 (deoduitcr.

352 1739 409 1807 tit.
432 1743 488 1830 a.)
514 1741 547 1805 in
569 1739 703 1831 epistula
727 1739 768 1806 ad
798 1741 926 1806 amicos·
941 1751 1134 1827 conquestus
1154 1751 1220 1813 est:
1239 1751 1290 1804 9.·
1308 1763 1379 1827 quae
1455 1825 1456 1832 .

351 1845 637 1940 philosophorum,
660 1845 899 1912 Platonicorum
912 1849 1087 1934 praesertlm
1105 1896 1113 1921 ,
1131 1857 1163 1910 et
1180 1845 1377 1934 quandoque
1455 1863 1456 1892 ³

350 1951 456 2017 sorsin
473 1951 703 2016 'hereticorum
726 1949 850 2038 placitis
872 1962 1085 2025 consentanea
1108 1947 1316 2026 riderentur,
1333 1951 1374 2016 ab

349 2053 404 2121 illo
420 2054 509 2142 quasi
525 2053 702 2118 dubitando
718 2054 814 2119 luisse
830 2054 1007 2142 proposita,
1023 2053 1156 2118 undeet
1184 2051 1378 2119 Athanasius
1455 2107 1456 2156 3

348 2161 390 2228 de
411 2161 522 2250 synodi
545 2161 672 2227 Niceaae
692 2161 830 2228 decretis
851 2161 1021 2250 ’distinguit
1044 2162 1282 2250 intereaque
1301 2151 1378 2226 Ori—

348 2289 446 2362 genes
468 2266 594 2353 scripsit
619 2299 722 2344 ςτετεαν
742 2278 776 2332 el
800 2273 949 2354 irascier.
966 2279 997 2331 el
1021 2290 1091 2354 qttae
1120 2297 1155 2336 ωσ
1183 2286 1270 2336 nardo
1289 2299 1377 2353 paoaon

350 2381 446 2460 οριξων.
473 2371 559 2452 Quin
587 2384 619 2437 et
646 2372 712 2460 ipse
738 2371 870 2460 Origeni
901 2371 1042 2436 infensus
1067 2371 1283 2460 Hieronymus
1306 2371 1376 2440 hee

339 2467 455 2554 ‚dicere
481 2477 653 2541 sustinuit:
679 2475 886 2541 «Damnatur
907 2465 924 2540 a
945 2476 1109 2541 Demetrio
1132 2477 1300 2565 episcopo,
1318 2491 1375 2541 ex-

348 2606 363 2644 »
394 2585 494 2670 ceptis
509 2581 674 2648 Palestinae
689 2595 721 2648 et
741 2582 865 2648 Arabim
888 2593 920 2647 ot
950 2583 1109 2649 Phoeniois
1133 2595 1229 2673 atque
1245 2583 1374 2650 Achaiae

307 2699 316 2718 ·
344 2697 368 2750 a*
392 2681 624 2751 sacerdotibus.
644 2685 680 2750 ln
697 2686 936 2751 damnationem
952 2687 1021 2774 ejus
1041 2675 1374 2752 consentirittrhslte

345 2819 360 2852 a
392 2813 501 2862 mana;
520 2791 588 2882 ipsa
604 2787 825 2878 contrahunc
849 2791 933 2881 cogit
959 2803 1375 2884 senatum,*·non·1propter

345 2923 359 2959 s
391 2897 575 2985 dogmatum
599 2895 793 2974 novitatem,
811 2918 874 2962 non
892 2910 1025 2986 propter
1037 2900 1208 2975 'haeresim‚
1222 2885 1258 2964 ut
1279 2912 1375 2969 nuuc

273 2987 278 3000 ‘
345 3031 359 3065 a
390 3004 540 3070 adversus
560 3027 635 3070 eum
653 3003 756 3070 rabidi
772 3027 868 3070 canes
882 3005 1033 3070 simulant
1048 3057 1057 3080 ‚
1074 3007 1220 3095 sedquia
1238 3007 1374 3095 gloriam

344 3137 358 3171 r
390 3107 867 3198 eloquentiaeojusetscientiae
882 3111 1226 3202 ferrcnonpotorant,
1240 3121 1293 3188 et,
1316 3113 1373 3181 illo

342 3215 535 3294 edicente,
553 3219 765 3282 omnesmuti
790 3219 996 3306 putabantur.
1015 3248 1028 3281 a
1057 3221 1175 3306 (Hier.
1195 3223 1302 3310 epist.
1316 3245 1368 3308 29

339 3322 387 3388 acl
410 3309 507 3390 Prinl
524 3325 602 3413 )5.⁰
626 3325 681 3391 Si
683 3349 753 3412 qnae
780 3325 908 3391 tandem
931 3328 1131 3416 peccaverit,
1157 3326 1209 3393 illa
1241 3327 1371 3394 aliunde

282 3443 289 3508 J
340 3428 437 3494 fuisse
455 3431 578 3518 expiata
596 3435 666 3496 tum
684 3429 848 3497 laboribus
864 3453 944 3520 quos
960 3455 1018 3520 pro
1035 3433 1186 3528 Ecclesia
1202 3435 1365 3521 suscepit,

331 3535 408 3601 'tum
425 3535 588 3626 suppliciis
607 3561 677 3624 quau
693 3561 752 3626 pro
773 3537 900 3606 Christo
912 3563 1083 3631 perpessus
1099 3555 1164 3618 est,
1178 3548 1246 3607 tiam
1263 3545 1370 3632 pauni-

337 3643 437 3709 tentia
449 3668 587 3748 ,quarn‚
607 3647 733 3734 scriptis
747 3648 788 3712 ud
805 3645 983 3714 Fabianum
1004 3647 1163 3737 epistolis,
1180 3673 1239 3738 pro
1263 3651 1369 3772 seipso

331 3744 619 3838 'subirepotuit
597 3753 613 3794 ¹
694 3807 698 3824 ,

382 3852 453 3922 lV.⁰
477 3854 567 3922 Unde
592 3825 653 3923 illis
675 3859 784 3952 magis
791 3857 896 3948 placet
922 3861 1022 3926 loun
1058 3833 1368 3932 Deltaemodesda
