2942 4568
757 341 863 435 (too
894 355 905 438 )

304 489 550 556 Sententiarum
574 489 780 578 inscriptione
798 502 1045 579 aggressusest:
1070 488 1154 556 unde
1171 487 1333 578 Magistri

132 651 134 659 s
198 679 200 684 Ι
303 595 552 660 Sententiarum
568 615 685 660 nomen
702 596 837 684 accepit
852 596 925 676 Quo
933 595 1061 683 quidem
1074 619 1172 683 opere
1182 593 1332 683 puhlicis·

289 725 364 793 *que
380 701 570 794 lectionibus
581 707 654 768 ‘cium
667 703 771 790 major
783 703 815 768 in
829 693 895 769 dies
907 701 1115 778 invalesceret
1128 703 1231 778 sama,
1246 723 1333 770 anno

309 807 389 872 1150
410 807 450 872 ad
471 809 697 900 Episcopatum
719 808 926 874 parisiensem
942 822 1198 898 promotusest,
1221 807 1334 874 locum

303 907 1335 1003 humilitercedentePhilippoParisiensiArchidiaconoetRegis

303 1021 401 1109 ipsius
428 1021 582 1088 Ludovici
607 1021 714 1109 Opimi
738 1019 823 1098 lilio,
847 1021 902 1110 qui
917 1009 1060 1086 Pontifex
1078 1023 1165 1112 prius
1186 1020 1333 1094 electus,

303 1123 520 1213 pulcherrimo
548 1125 772 1214 rarissimoque
796 1123 943 1214 exemplo
967 1148 1082 1190 munus
1106 1124 1200 1197 nimis
1217 1124 1333 1212 saepius

303 1229 477 1318 expetitum
497 1229 536 1294 ad
550 1227 990 1316 dignioremtranslereudum
1004 1229 1136 1300 curavit.
1152 1229 1331 1297 Defunctus

303 1347 352 1402 est
365 1361 449 1402 anno
466 1339 548 1416 1164
563 1387 571 1412 ,
586 1349 618 1402 et
633 1335 810 1410 inocclesifi
827 1338 928 1403 sancti
939 1335 1081 1406 Marcelli
1097 1335 1250 1428 sepultus.

309 1453 312 1464 '
346 1439 478 1530 Scripsit
493 1453 609 1530 praeter
621 1442 873 1510 Sententiarum
883 1441 1020 1518 librum,
1035 1441 1146 1530 dequo
1161 1443 1227 1532 jam
1240 1447 1333 1506 antea

303 1541 459 1624 diximus,
474 1545 725 1611 Commentario
741 1547 773 1611 in
789 1543 951 1624 Psalmos,
965 1558 997 1612 et
1008 1548 1041 1612 in
1053 1547 1144 1614 Pauli
1161 1545 1331 1636 Epistolas,

301 1665 428 1742 quae'ex
444 1663 628 1718 sanctorum
644 1651 775 1729 Hilarii,
792 1651 974 1726 Ambrosii,
995 1652 1180 1742 Augustini,
1211 1665 1243 1720 et
1258 1651 1337 1718 alio·

301 1781 373 1823 rum
394 1759 801 1846 commentariisexcerpta
813 1757 1035 1824 tantummodo
1051 1759 1204 1824 referunt.

347 1863 610 1952 Noueloquentia
623 1865 708 1953 apud
721 1864 830 1940 illum,
848 1866 904 1930 sed
918 1865 1064 1932 doctrina
1081 1865 1252 1954 quaerenda
1265 1877 1331 1938 est;

301 1980 387 2034 totus
404 1969 435 2034 in
449 1969 661 2036 rescribendis
674 1969 806 2032 Patrum
821 1970 1031 2047 testimoniis,
1049 1972 1099 2036 vix
1109 1969 1230 2058 aliquid
1245 1969 1333 2058 quod

302 2079 319 2136 a
343 2097 377 2138 se
399 2065 565 2168 inventum
588 2073 706 2154 reseret
728 2073 877 2164 reperies,
907 2073 1013 2141 Unum
1029 2073 1266 2142 ab.Alexandro
1285 2072 1333 2140 lll
1358 2071 1359 2074 ’

301 2179 530 2267 reprehensum
555 2191 603 2244 est
622 2181 776 2252 verbum,
792 2201 965 2267 'paucaque
998 2185 1016 2242 a
1044 2179 1210 2246 Facultate
1243 2179 1330 2244 Pari-

302 2283 396 2350 siensi
412 2267 541 2360 notata,
561 2289 578 2347 a
595 2283 711 2370 quibus
724 2281 818 2372 vulgo
831 2282 1061 2350 discedendum
1074 2295 1212 2371 putaret.
1229 2283 1333 2351 Tanti

303 2387 442 2478 alioquin
466 2391 551 2478 apud
577 2414 688 2456 omnes
714 2390 903 2460 auctoritate
930 2390 1048 2478 viguit,
1072 2403 1107 2452 ut
1130 2390 1199 2477 ejus
1225 2388 1332 2467 libro,
1428 2433 1429 2442 κ

302 2502 454 2584 tanquam
475 2496 577 2574 solido
606 2497 840 2573 fundamento,
873 2511 995 2565 omnes·
1013 2495 1081 2566 lert
1105 2498 1170 2564 sive
1192 2497 1333 2586 publicae

302 2601 476 2678 lectiones,
500 2604 565 2674 sive
584 2602 753 2692 theologici
776 2615 930 2672 tractatus
951 2601 1059 2702 multis
1079 2603 1169 2685 annis
1192 2604 1334 2692 quodem

303 2707 595 2782 modoinsederinc
628 2771 631 2778 ,
683 2725 684 2728 ’

647 2923 815 2972 unmtunns
838 2921 1015 2974 PRAECIPUAE.

158 3131 180 3164 r
235 3133 236 3136 ¹
347 3103 523 3200 Separatim
539 3105 727 3192 prodierunt
742 3103 827 3169 Petri
843 3101 1046 3192 Longolsardi
1059 3127 1175 3192 opera,
1191 3107 1329 3191 nempe:

229 3253 233 3262 ,
349 3220 390 3278 1⁰·
419 3209 714 3279 Commentariiin
729 3209 898 3282 Psalmos,
919 3231 1002 3280 anno
1023 3210 1125 3286 1541,
1151 3210 1304 3276 Parisiis.
1367 3255 1370 3262 ·

349 3329 390 3392 r.
419 3298 941 3392 cosmenuettusneeum,
964 3317 1223 3392 cestuum,
1267 3354 1272 3359 -

348 3425 392 3496 5⁰·
419 3423 518 3494 Liber
537 3427 787 3500 Sententiarum
802 3422 961 3512 praecipuo
972 3443 1057 3490 auno
1071 3423 1172 3510 1647,
1189 3420 1329 3498 Ibidem,
