2938 4560
727 293 895 396 'treet

301 443 476 522 metrorus,
496 465 595 516 saone
607 443 785 537 Soripturm
799 444 981 518 doctrinam
993 442 1140 533 quotidit
1150 443 1336 521 erolvebot,

300 546 477 636 intorques
492 550 692 640 precipuum
707 549 853 627 habuere
867 549 978 624 ionum
993 549 1145 620 Mersella
1164 551 1274 640 junior
1288 550 1337 618 ri-

300 650 384 730 dua,
396 653 554 732 Melania,
569 653 697 734 Asella,
710 655 896 724 Marcelline
908 707 917 734 ,
927 654 1094 733 Felicitas,
1106 667 1140 724 et·
1154 656 1333 746 presertim
1356 705 1358 711 .

300 770 409 832 saneta
428 759 545 839 Paula,
563 763 697 852 ejusque
713 761 811 840 filiae,
832 762 979 841 Blenina,
996 761 1228 848 Eustoohium,
1250 761 1333 828 Pau·
1427 803 1430 808 -

299 861 363 934 lina
379 915 388 942 ‚
404 865 522 938 Rufina
546 879 579 937 et
604 867 798 946 roxanem,
827 891 965 959 quarum
987 869 1119 938 nomine
1132 868 1334 956 Hieronymi

196 1003 198 1013 ·
299 969 425 1060 seriptis
440 984 604 1061 perpetue
622 971 894 1048 commendentur
907 975 1085 1046 memoriae.
1104 973 1190 1042 ilino
1203 985 1339 1062 propter

298 1087 497 1150 crescentem
514 1078 547 1150 io
561 1077 628 1152 dies
641 1081 870 1152 auctoritatem
884 1080 1002 1152 exoriri
1018 1079 1135 1148 invidis
1147 1129 1156 1155 ,
1170 1080 1224 1147 out
1240 1079 1339 1146 esum

298 1181 384 1250 fasee
399 1182 655 1256 subministravit
670 1186 873 1274 perditorum
893 1186 1109 1277 quorumdem
1130 1185 1336 1254 saeerdntum

299 1289 361 1369 ira,
375 1303 458 1379 quos
470 1306 606 1384 propter
619 1308 788 1386 eor-ruptos
797 1295 1238 1385 moresliheriusexagitahst.
1253 1295 1339 1360 Hine

297 1405 339 1470 ot
352 1401 560 1492 impudentiae
576 1403 769 1482 deventum,
791 1418 827 1470 ut
846 1405 974 1478 infamis
993 1404 1106 1496 flagitii
1121 1427 1193 1470 rens
1217 1403 1337 1492 argue

297 1517 404 1590 tetur,
430 1509 519 1597 quod
548 1522 658 1578 tamen
680 1513 714 1578 in
737 1511 946 1600 quaestionem
969 1510 1153 1638 postulatus
1167 1523 1339 1592 sequester

297 1612 427 1702 publice
443 1615 660 1712 denegavit.

341 1718 504 1789 Defuncto
519 1734 593 1810 post
608 1745 710 1788 annos
725 1735 792 1794 tres
806 1723 947 1795 Damaso
961 1723 1066 1813 Papa,
1086 1722 1208 1790 diutius
1219 1668 1338 1848 aliiup

297 1836 337 1894 tae
364 1825 544 1896 solitudinis
579 1829 760 1919 quietisque
794 1828 955 1920 cupidus,
987 1827 1197 1898 transfretato
1223 1833 1332 1910 mori,

297 1929 497 2000 Bethleem
488 1942 629 2002 interra
652 1936 826 2002 nativitatis
849 1936 998 2012 Domini,
1025 1933 1174 2002 ultimam
1196 1936 1335 2026 denique

187 2038 211 2096 κ’
230 2033 247 2050 '
296 2036 407 2106 sedem
426 2038 518 2117 furit,
542 2045 824 2129 constructaquea
843 2040 879 2106 B.
906 2038 1005 2104 Pauli
1020 2051 1161 2127 quatuor
1176 2054 1337 2107 monaste

295 2140 342 2206 ria
360 2140 500 2212 fideliter
521 2145 709 2212 moderatus
723 2155 781 2210 est.
805 2143 956 2233 Optatatt
974 2143 1097 2208 dudum
1114 2167 1193 2233 paee
1214 2147 1336 2233 potitus

296 2247 429 2316 tandem
439 2251 902 2341 Hieronymusperserutandis
915 2253 1105 2340 seripturis,
1116 2253 1337 2321 confutandis-

298 2379 361 2444 que
379 2357 539 2432 lraeretieis
555 2383 620 2424 non
635 2359 798 2427 infelicem
813 2383 945 2450 operam
962 2360 1061 2426 dedit.
1077 2358 1288 2448 Vigilantiam
1303 2374 1336 2428 et

297 2462 505 2534 desinianum
517 2466 594 2533 fidei
612 2465 929 2556 Catholieae,gloriae
944 2467 1154 2554 uirginitatis,
1171 2467 1336 2559 otltlerty-

296 2592 370 2636 rum
384 2570 501 2640 honori
517 2569 709 2642 insultantes
724 2568 868 2640 fulminis
879 2571 980 2638 instar
995 2569 1134 2658 dejecit,
1152 2585 1338 2640 nascentes¹

296 2697 360 2765 que
376 2674 494 2764 Pelagii
506 2697 635 2744 errores
650 2674 717 2763 jam
731 2673 839 2742 senior
854 2674 985 2763 juvenili
1001 2676 1111 2742 animo
1126 2679 1288 2766 repressit.
1330 2713 1332 2720 ·

339 2781 495 2849 Rufinum
508 2788 586 2850 vero
599 2779 751 2848 familiari
768 2781 861 2874 prius.
873 2783 1014 2849 emieitid
1031 2783 1241 2864 devinctum,
1260 2799 1334 2854 tand

296 2892 393 2976 qaam
418 2887 550 2977 Origeni
571 2887 709 2960 nimium
725 2887 908 2966 faventem,
932 2887 1042 2954 duritas
1059 2890 1233 2957 insectatus
1255 2905 1333 2972 est,

296 2993 383 3082 quod
397 2991 442 3060 illi
455 2994 489 3060 S.
509 2994 707 3083 Augustinus
721 2995 756 3060 in
767 2994 899 3084 epistolat
915 2995 958 3060 ad
973 3019 1049 3071 eum
1063 2997 1183 3087 scripta
1200 2997 1335 3066 solerter

296 3099 472 3166 admodum
488 3102 697 3190 exprobavit:
724 3129 737 3162 r
754 3102 888 3180 Nescio,
905 3103 1027 3190 inquit,
1045 3127 1116 3192 quae
1132 3104 1252 3192 scripta
1268 3123 1336 3169 ma·

298 3233 311 3267 »
340 3203 444 3278 ledioa
457 3230 554 3297 super
566 3219 623 3274 tuo
634 3209 766 3274 nomine
780 3208 821 3282 nd
834 3207 975 3276 Africam
987 3221 1217 3299 pervenerunt.
1233 3209 1335 3276 Aene-

298 3341 311 3376 »
339 3315 445 3404 pimus
457 3328 566 3383 tamen
581 3316 669 3406 quod
683 3317 833 3406 dignatus
846 3342 881 3383 es
896 3319 1044 3394 mittere,
1059 3317 1118 3384 illis
1135 3319 1337 3408 respondens

298 3452 312 3487 s
339 3424 529 3492 maledictis.
549 3425 625 3506 Quo
642 3423 803 3515 perlecto,
828 3427 952 3505 fateor,
974 3425 1115 3493 multum
1138 3425 1227 3492 dolui
1248 3428 1337 3493 inter

299 3527 312 3595 'r
340 3545 406 3599 tam
422 3535 513 3602 esras
528 3533 769 3622 familiaresque
785 3557 957 3623 personas,
980 3535 1106 3602 eunetis
1118 3539 1202 3626 pene
1216 3533 1336 3602 Ecele³

299 3669 311 3703 r
340 3641 392 3708 siis
402 3643 569 3715 notissimo
582 3642 731 3709 amicitiae
746 3642 873 3710 vinculo
887 3639 1053 3732 copulatas
1063 3635 1193 3708 teritum
1207 3640 1332 3709 malum

299 3776 312 3808 n
340 3747 479 3814 extitisse
502 3748 679 3817 discordiis.
705 3750 746 3814 Et
763 3761 799 3815 tu
821 3749 951 3839 quidem
967 3749 1024 3816 tibi
1041 3754 1199 3838 quamum
1219 3749 1335 3816 mode-

299 3883 312 3918 »
339 3857 436 3934 reris,
452 3863 675 3946 quantumque
690 3868 801 3925 teneas
817 3855 946 3927 aculeos
962 3856 1190 3947 indignationis
1207 3869 1271 3923 tusa
1291 3880 1334 3922 ne
1391 3877 1395 3886 ’
