2956 4586
676 435 770 525 (5)

199 564 317 644 marii
334 561 483 642 eineres
501 559 805 640 christianarum
819 557 1117 668 disciplinarum
1141 563 1241 642 scin-

196 691 292 772 tillae
305 703 539 768 necessecst.
553 683 631 766 Sed
648 687 750 766 vend
765 715 834 795 spe
843 685 1049 768 luderetur
1058 687 1139 786 ille,
1152 692 1236 798 qui,

195 812 436 924 posthabitis
446 829 673 892 sanctorum
684 813 848 891 Patrum
864 811 1241 920 scriptis,ecclesias·

192 941 315 1020 ticum
338 939 475 1017 lumen
503 940 547 1015 in
573 937 788 1044 pristinum
810 935 1065 1045 splendorem
1083 938 1239 1018 restitui

191 1089 306 1172 posse
326 1078 495 1170 putaret.
515 1063 703 1163 Quonam
721 1061 827 1140 enim
847 1061 928 1140 alio
949 1089 999 1142 ex
1021 1089 1240 1142 armamen-

193 1189 312 1287 taria,
338 1203 474 1265 noster
499 1186 584 1284 ille,
610 1187 682 1294 qui
710 1201 823 1266 tanto
850 1187 1024 1293 ingenio,
1047 1187 1239 1296 tantique

191 1311 354 1392 seientia
385 1310 513 1390 valuit
540 1311 787 1405 Bossuetius,
821 1327 868 1390 ut
897 1311 1004 1392 hisce
1032 1313 1241 1419 postremis

190 1437 439 1545 temporibus
458 1439 612 1516 Doctor
632 1453 672 1516 et
688 1438 802 1545 quasi
825 1437 1008 1517 Ecclesiae
1032 1437 1149 1516 Pater
1168 1466 1238 1546 ap·
1291 1501 1299 1510 .

94 1577 105 1586 “
190 1564 330 1672 pellari
361 1563 525 1641 meritus
544 1561 684 1661 fiterit,
709 1563 790 1641 tim
823 1561 921 1642 altas
947 1560 997 1641 dc
1028 1589 1071 1640 re
1101 1560 1238 1642 divina
1270 1593 1280 1620 ·

190 1691 486 1798 conceptiones,
511 1690 590 1768 tiam
615 1686 767 1768 validas
781 1686 1161 1768 advershs'errorem
1177 1718 1239 1769 ar-

189 1818 522 1922 gumentationes,
540 1816 621 1894 tim
636 1812 858 1926 prudenter
881 1814 1115 1893 constitutas
1134 1817 1239 1896 cirea

146 2002 151 2012 .
190 1967 348 2021 morum
376 1941 554 2046 regulam
588 1939 713 2044 leges,
742 1938 824 2016 tam
855 1936 1056 2018 mirandas
1088 1941 1237 2046 cogita-

188 2067 344 2146 tionum
366 2065 664 2172 verborumque
690 2062 917 2159 varietates,
939 2063 1131 2169 tanquam
1157 2091 1236 2144 me-

190 2191 338 2271 tuenda
357 2191 512 2270 eunctis
527 2187 713 2268 hostibus
731 2186 918 2265 Ecclesiae
932 2185 1010 2266 tela
1023 2185 1236 2297 depromp-

188 2316 457 2418 sitPQuonam
469 2314 546 2392 alio
563 2315 584 2394 e
603 2310 713 2392 fonte
726 2309 982 2391 defluxdrunt
997 2313 1077 2390 tim
1094 2311 1233 2412 nitida,

187 2434 270 2520 tam
307 2438 487 2545 copiosa,
512 2437 593 2516 tam
622 2435 755 2544 dulcia
782 2435 1021 2543 eloquentiae
1055 2437 1234 2541 pietatis·

187 2563 427 2674 quefluenta
443 2589 536 2670 quae
555 2562 598 2639 in
605 2561 806 2640 Fenelonit'
818 2561 1025 2667 scriptiset
1046 2559 1234 2670 delibare,

186 2707 225 2794 et
254 2689 413 2788 bibere,
446 2685 557 2768 etad
588 2687 752 2794 plenum
764 2687 939 2766 ‘haurire
963 2684 1234 2791 delectamur?

185 2816 368 2919 Quinam
385 2813 462 2892 alit
488 2813 532 2890 in
546 2811 687 2891 scholi
704 2829 925 2920 praeparata
942 2829 1001 2892 est
1027 2812 1094 2892 illa
1109 2814 1233 2893 ratio-

185 2938 346 3018 cinandi
366 2933 641 3045 loquendique
658 2937 738 3034 vis,
756 2936 837 3044 qui
856 2937 1113 3018 Massilcuius
1129 2941 1233 3016 Bur·
1282 2923 1284 2928 ¹

185 3064 392 3172 deliusque
436 3057 634 3160 dicendo,
668 3061 851 3140 Floridua
888 3079 928 3142 et
955 3063 1232 3170 Magovallius

185 3187 407 3287 narranda,
439 3191 635 3266 Auctorea
665 3186 948 3293 Perpetuitatis
967 3187 1075 3293 fidei
1110 3187 1232 3268 disse-

184 3311 311 3394 rende
327 3308 629 3392 inclaruerunt?
1167 3317 1169 3322 '

237 3440 319 3520 Nec
345 3438 494 3516 mirum
510 3433 602 3516 ciam
619 3434 728 3516 dives
746 3431 911 3546 quidam
929 3434 1123 3516 doctrinae
1146 3436 1229 3516 elo-

184 3566 437 3674 quentiaeque
455 3563 666 3642 thesaurus
685 3557 794 3669 apud
811 3562 948 3640 Patres
967 3553 1207 3670 reperiatur(

237 3689 347 3800 Nim,
369 3705 416 3769 ut
438 3683 649 3796 profanam
667 3687 772 3766 hanc
787 3715 877 3795 quae
896 3687 1001 3766 circi
1019 3686 1228 3794 poetarum

184 3817 380 3914 carmina,
405 3831 612 3894 oratorum
634 3839 850 3912 sermones,
877 3811 1228 3920 sophistarumque

183 3942 329 4049 scripta
363 3958 557 4039 versatur,
587 3938 813 4022 doctrinam
856 3939 1225 4045 praetermittamus3
