2940 4570
779 293 913 381 (¹44)

328 431 444 498 iisdem
462 432 603 500 tenebris
619 431 831 500 involvuntur.
851 431 965 498 Paucis
980 431 1196 520 profanarum·
1210 425 1356 520 discipli-

328 559 444 604 narum
466 537 570 604 studio
593 538 745 628 impensis
768 537 880 613 annis,
908 540 1035 613 statim,
1060 549 1096 604 ut
1114 549 1230 604 auctor
1249 550 1299 604 est
1316 535 1353 602 S.

330 640 502 731 Gregorius
519 643 751 719 Nazianzenus,
764 643 879 728 (Oret.
893 665 929 708 21
949 643 991 707 de
1005 643 1038 708 A
1042 642 1131 708 tlon.
1145 644 1157 730 )
1174 643 1356 710 ediscendis

330 746 502 835 Scriptura
513 771 610 814 sacrae
625 747 713 824 libris
720 771 851 836 operam
870 746 969 812 dedit.
991 747 1071 814 tneo
1083 747 1170 814 clero
1182 747 1352 824 addictus,

330 851 459 918 diversis
477 853 650 920 Sacrorum
674 852 834 938 Ordinum
864 854 1052 919 muneribus
1068 853 1129 929 iu,
1149 865 1229 919 teste
1245 853 1356 920 Theo-

330 957 463 1035 doreto,
479 959 610 1026 functus
622 970 669 1026 est
679 1008 689 1034 ,
699 969 735 1024 at
745 958 891 1024 omnium
906 957 1149 1024 admirationem
1159 958 1352 1026 concitaret.

331 1063 475 1133 Concilio
499 1067 627 1134 Nicaeno
650 1065 817 1141 interfuit,
834 1065 1004 1154 ipsumque
1026 1065 1137 1130 Arium
1149 1065 1357 1155 impugname

284 1218 287 1231 .
329 1169 476 1236 traditur.
495 1169 544 1238 Ab
560 1169 741 1238 Alexandro
758 1167 955 1262 Alexandriae
972 1169 1121 1259 episcopo
1140 1219 1149 1245 ,
1179 1171 1235 1258 qui
1257 1173 1357 1236 morti

329 1275 492 1363 proximus
527 1273 690 1354 Athanasii
715 1297 835 1340 nomeu
859 1275 972 1363 sapius
987 1273 1146 1349 iteravit,
1188 1295 1359 1342 successor

331 1379 530 1467 designatus,
549 1377 775 1467 Episcopatum
791 1377 865 1466 fuga
887 1383 1090 1464 nequaqubm
1106 1375 1268 1444 declinare
1284 1389 1360 1444 teu-

213 1565 215 1572 y
330 1483 431 1558 tavit,
446 1505 594 1570 annoque
611 1481 673 1546 526
692 1481 842 1559 ineunte,
858 1481 1000 1548 unanimi
1015 1481 1163 1546 omnium
1177 1493 1253 1547 roto
1263 1479 1358 1548 setac-

266 1598 268 1602 ’
331 1601 383 1653 tus
398 1599 463 1663 est,
481 1599 513 1654 et
527 1587 567 1652 ab
588 1585 715 1676 AEgypti
730 1635 739 1663 ,
757 1585 865 1681 Lybiae
877 1627 887 1661 ,
900 1584 1172 1676 Pentapoleosqua
1192 1588 1358 1677 Episcopis

319 1689 530 1766 ¹Alexandriae
543 1689 744 1778 congregatis
751 1688 893 1776 pontifex
904 1701 1118 1756 consecratus.

361 1792 1358 1888 HinctimoreperculsietincitatifuroreAriani,quibusqnasi

333 1901 1356 1992 duxpraeeratEusebiusNicomediensis,pactocambleletianis

331 2005 1357 2102 soedere,illiusasadodejicjendiproposituminieruntblittun-

332 2125 386 2178 tur
396 2113 535 2201 primum
544 2111 584 2180 ad
597 2111 819 2176 Constantium
835 2111 1077 2200 imperatorem,
1088 2113 1140 2199 qui
1148 2112 1357 2196 Athanasium

332 2218 425 2284 fracti
440 2215 547 2282 calicis
563 2239 656 2282 reum
678 2215 900 2290 traducereut;
920 2215 976 2282 sed
991 2217 1097 2305 agnita
1112 2217 1294 2286 innocentia
1315 2219 1356 2283 ab

334 2315 527 2410 imperatore
539 2343 604 2386 non
620 2319 793 2387 absolvitur
807 2321 904 2406 modb
915 2369 924 2398 ,
937 2321 993 2386 sed
1006 2319 1154 2388 laudatus
1170 2323 1351 2392 dimittitur.

333 2429 498 2520 Agebatur
513 2441 590 2496 tuuc
615 2451 716 2494 annm
739 2428 857 2496 Christi
888 2429 970 2504 5513
995 2451 1079 2496 anno
1102 2433 1246 2520 sequenti
1268 2433 1357 2500 iono-

333 2547 426 2601 vatur
461 2532 574 2598 eadem
602 2532 793 2609 accusatio,
825 2523 890 2615 ime
918 2545 950 2599 et
979 2535 1228 2622 supperadditur
1260 2539 1355 2607 occisi

240 2659 243 2664 ·
334 2639 459 2708 Arseuii
480 2638 597 2704 reatus.
616 2639 747 2705 Frustra
761 2639 854 2728 'prius
881 2639 1117 2732 objiciebatur,
1134 2647 1210 2708 cum
1226 2643 1292 2731 jam
1307 2645 1357 2712 Is-

334 2743 495 2831 chyram,
517 2741 611 2832 cujus
632 2739 715 2808 calix
734 2733 858 2810 fractus
873 2743 1054 2834 jactabatur
1076 2754 1242 2834 nunquam
1260 2749 1355 2816 fuisse

334 2846 556 2921 sacerdotem,
579 2857 611 2910 et
628 2843 756 2910 aliunde
788 2843 871 2912 lecto
886 2847 1048 2936 jacentem
1074 2849 1107 2914 iu
1135 2850 1277 2920 Ecclesia
1301 2877 1352 2920 re-

335 2952 431 3042 periri
446 2974 512 3016 non
523 2950 663 3040 potuisse
677 3001 686 3026 ,
700 2951 769 3040 ipso
784 2951 914 3040 Iscbyrd
926 2953 1045 3018 fatente
1060 3004 1068 3030 ,
1083 2977 1193 3021 coram
1207 2957 1351 3049 principe
1410 3033 1412 3038 ,

336 3057 458 3124 dudum
481 3057 727 3124 demonstrisset
754 3055 975 3126 Athanasius:
998 3062 1209 3150 posteriorem
1237 3068 1355 3156 pariter

336 3162 508 3230 deludebat
529 3162 716 3258 perfidiam,
741 3164 845 3252 ipsam
862 3165 1021 3232 viventem
1042 3167 1233 3256 proferendo
1259 3171 1354 3243 Arso-

336 3268 444 3343 nium,
468 3290 563 3354 quem
582 3266 697 3332 frustra
717 3264 853 3333 celatum
878 3268 918 3334 ab
940 3267 1067 3336 Arianis
1089 3271 1352 3362 deprehenderat.

337 3369 406 3434 Hac
422 3372 538 3434 rterhm
555 3366 625 3434 vice
638 3369 793 3448 innocens
807 3371 1057 3460 comprobatus,
1074 3389 1267 3466 congregato
1284 3379 1353 3446 Cac-

338 3497 438 3541 sareae
453 3476 617 3564 primum,
637 3475 752 3542 deinde
767 3476 843 3566 Tyri
858 3501 947 3544 anuo
972 3479 1034 3546 555
1062 3481 1220 3560 concilio,
1247 3485 1357 3552 iisdem

338 3583 512 3671 exagitatus
527 3579 706 3658 calumniis,
722 3581 850 3670 publice
865 3589 883 3648 a
899 3589 996 3674 pravi
1009 3584 1143 3652 muliere
1158 3589 1355 3679 inculpatur,

339 3711 409 3776 quaa
425 3711 466 3752 ne
483 3685 675 3776 agnoscendi
698 3687 828 3776 quidem
851 3687 935 3756 illius
956 3713 1056 3780 capax
1069 3693 1237 3762 mendacio
1252 3697 1358 3764 statim

190 3795 192 3810 ¹
267 3847 268 3850 ,
323 3815 393 3858 rea
414 3791 624 3858 convincitur.
640 3789 764 3893 'Arsenii
788 3817 872 3860 mors
885 3795 1000 3862 iterum
1021 3798 1255 3886 exprobratur,
1273 3825 1358 3868 reae-
