2940 4570
721 289 723 298 '
827 321 962 406 rut>

385 457 489 546 “iPit»
513 455 669 546 P⁰⁸b0fi⁰¹⁵
684 463 758 528 Vffl'
784 458 964 534 Orientem
992 457 1117 527 illorum
1144 481 1281 546 regnum,
1295 459 1330 523 in
1354 482 1403 522 se-

383 573 534 650 querum
555 574 680 668 auton
703 562 937 650 producantur.
965 625 969 634 ,

853 765 936 854 gn.
996 765 999 772 ·

451 1035 453 1043 .
494 923 537 944 ·=·
557 923 994 1068 Summaruml'outificum
1020 975 1193 1043 Successio.

424 1184 483 1252 An.
504 1183 652 1268 bob.post
676 1161 701 1242 8'
719 1179 923 1266 pontificaths
948 1202 1048 1258 annos
1073 1179 1225 1247 defuncto
1244 1183 1280 1247 S.
1303 1183 1397 1250 Mor-

380 1288 496 1362 oelta‘no
509 1334 518 1362 ‚
531 1295 622 1350 vacat
635 1281 736 1348 tribus
749 1283 839 1346 annis
852 1293 883 1346 et
896 1304 949 1349 sex
963 1283 1124 1352 mensibus
1135 1282 1279 1350 Romana
1293 1285 1392 1348 sedes.

421 1396 504 1460 Hinc
526 1393 569 1466 S.
592 1389 769 1456 Marcellus
788 1374 1007 1476 pontificatum
1037 1401 1165 1456 exercet
1192 1413 1250 1476 per
1277 1413 1395 1456 annum

380 1520 478 1564 unum
495 1506 615 1576 etocto
628 1515 772 1568 menses,
790 1494 986 1580 moriturque
1002 1493 1086 1558 circa
1102 1515 1224 1561 annum
1241 1495 1317 1560 510.

421 1601 459 1666 S.
484 1598 643 1666 Eusebius
664 1597 732 1684 ejus
757 1620 920 1662 successor
939 1609 1076 1685 quatuor
1092 1603 1215 1662 tanthm
1232 1601 1393 1666 mensibus

378 1705 552 1774 Ecclesiam
568 1705 651 1792 regit
662 1685 680 1780 ,⁸
689 1715 722 1770 et
736 1703 948 1786 ardemanno
965 1705 1064 1772 vitam
1078 1719 1289 1781 consummat.

421 1805 616 1900 Mensibus9
637 1823 727 1878 vacat
749 1823 860 1879 sancta
879 1811 978 1876 sedes.
1004 1809 1116 1876 Postea
1132 1817 1239 1886 autem
1257 1811 1290 1881 S.
1312 1814 1392 1880 Met-

378 1917 508 1981 abiades
522 1967 530 1992 ,
543 1914 592 1981 vel
608 1915 779 1982 Miltiades
791 1914 914 1978 duobus
927 1915 1017 1980 anuis
1033 1925 1065 1980 et
1077 1938 1132 1980 sex
1143 1917 1393 2005 metrsibuspon-

378 2023 453 2099 tifex,
477 2023 567 2108 agit,
586 2032 617 2084 et
636 2042 686 2096 an.
709 2019 778 2096 514
799 2019 869 2096 Deo
890 2019 1077 2100 restituitur.
1105 2019 1151 2101 Eo
1170 2011 1391 2107 pontificatum

377 2143 567 2218 exercente
563 2124 803 2216 „casinianum
827 2124 1014 2211 religionem
1028 2125 1205 2214 ¹profitetur
1229 2126 1393 2192 Constan-

380 2231 469 2300 riuus
484 2228 704 2325 imperator

422 2333 457 2397 S.
477 2331 634 2426 Silucotor
643 2319 730 2420 papa
746 2327 881 2394 concilio
902 2330 1029 2403 Nicauno
1051 2354 1109 2418 par
1122 2331 1239 2399 Osium
1258 2333 1395 2422 legatum

379 2433 548 2526 praesidet,
572 2455 719 2531 annoque
735 2431 798 2494 555
817 2430 965 2496 Ecclesiae
984 2434 1140 2522 regendae
1147 2436 1232 2518 curis
1252 2439 1395 2524 eripitur,

379 2554 469 2637 post
468 2562 505 2604 aa
523 2537 588 2624 sere
581 2535 806 2626 pontificatbs
824 2560 932 2602 annos.

424 2646 459 2709 S.
480 2643 614 2707 Marcus
625 2652 695 2728 post
713 2663 833 2714 unum,
850 2665 909 2706 nec
929 2644 1111 2732 integrum,
1124 2645 1327 2736 episcopatus
1342 2672 1398 2712 an

383 2773 461 2818 num
477 2771 629 2816 coronam
644 2748 818 2816 sanctitatis
831 2747 946 2836 accipit
961 2772 1011 2812 an.
1032 2751 1106 2815 556.

333 2893 337 2900 -
426 2855 461 2919 S.
481 2853 595 2918 Julius
614 2852 648 2928 l,
666 2851 699 2916 S.
720 2851 882 2918 Athanasii
898 2853 1046 2918 defensor
1063 2857 1258 2934 acerrimus,
1284 2862 1323 2923 15
1344 2884 1400 2926 an-

383 2958 431 3024 nis
444 2954 618 3044 pontificali
630 2955 788 3022 cathedrae
797 2955 912 3021 insidet
921 3006 930 3032 ,
940 2969 972 3022 et
983 2979 1034 3022 an.
1053 2959 1114 3022 552
1123 2959 1160 3048 in
1173 2957 1290 3024 coelum
1302 2974 1400 3028 trans·

382 3066 492 3130 fertur.
1052 3085 1053 3090 ’

428 3167 593 3242 Liberius,
618 3165 804 3243 Romanus,
826 3167 969 3234 formulae
986 3169 1150 3238 Sirmianae
1165 3223 1174 3247 ,
1190 3197 1261 3262 quae
1276 3177 1400 3242 nullum

385 3294 526 3337 errorem
542 3271 752 3347 continebat,
771 3273 830 3338 sed
853 3273 1030 3340 doctrinam
1058 3276 1269 3356 catholicam,
1298 3281 1400 3348 deleto

387 3365 685 3441 Cousubstuuta'clis
700 3377 810 3454 verbo,
826 3380 975 3444 nonsatis
988 3377 1072 3444 clare
1088 3384 1304 3470 exprimebat,
1320 3387 1401 3452 malo

386 3477 557 3544 subscribit
576 3501 583 3544 :
603 3477 658 3544 sed
675 3477 765 3544 brevi
786 3481 950 3570 repudiata
966 3482 1091 3548 concilii
1104 3483 1314 3554 Ariminensis
1339 3492 1401 3556 for-

387 3583 473 3649 mula
489 3634 497 3660 ,
515 3583 688 3650 Athanasio
705 3591 812 3650 rursus
829 3586 1053 3676 conjungitur,
1071 3589 1231 3678 vitamque
1244 3595 1300 3681 pie
1317 3593 1401 3660 clau-

329 3766 337 3778 χ
387 3689 433 3754 dit
448 3740 456 3764 ,
473 3713 523 3754 an.
545 3690 627 3767 564,
654 3689 856 3776 pontificaths
879 3693 927 3756 15.
948 3691 1071 3760 Primus
1094 3697 1236 3764 omnium
1253 3698 1402 3764 Summo-

388 3816 459 3857 rum
475 3791 665 3857 Pontificum
681 3793 763 3858 inter
780 3793 913 3859 Sanctos
926 3817 991 3860 non
1008 3811 1244 3864 annumeratur.
1330 3881 1333 3886 Ι
