2960 4592
579 349 717 434 (ὅθι)

46 539 49 546 ·
179 491 315 581 Sergius
338 488 367 554 ll
390 486 597 554 Pontificattls
621 487 745 576 apicem
761 498 849 554 tenet
865 485 1025 574 usquead
1040 503 1163 552 annum

137 596 157 658 8
205 641 213 657 .

44 699 47 706 '
89 788 90 793 ἵ
159 596 217 766 [ld.
231 701 294 766 Leo
309 700 350 768 lV
363 699 547 766 fortitudine
562 710 595 763 et
609 698 780 766 virtutihus
792 697 974 768 inclarescit
982 722 992 771 ;
1005 696 1165 762 desertam

138 803 178 868 ab
195 803 336 870 Orientis
358 802 607 890 Occidentisque
624 803 875 893 Imperatorihus
894 801 1030 868 Romam
1045 799 1131 866 solus
1146 805 1165 863 a

109 963 123 982 a
137 906 372 977 Saracenorum
380 905 560 973 incursibus
572 906 734 972 vindicare
746 905 914 997 praevalet,
928 930 993 972 non
1003 903 1166 972 bellatoris

6 1013 10 1025 '
39 1041 45 1080 ε
77 1030 80 1036 ’
138 1035 229 1080 more
241 1015 294 1102 qui
303 1025 541 1103 mauupugnat,
549 1011 776 1078 sedPontilicis
792 1014 846 1100 qui
855 1012 1008 1102 sapientia
1020 1010 1167 1078 commis-

138 1141 188 1184 sas
200 1140 274 1184 oves
286 1131 399 1184 contra
412 1119 571 1184 irruentes
583 1116 675 1206 lupos
687 1116 839 1186 defendit.
854 1115 1036 1205 Disciplina
1047 1116 1166 1204 pariter

19 1279 22 1292 .
133 1223 253 1290 uindex
281 1224 404 1289 meritis
425 1221 589 1312 gloriaque
611 1222 885 1290 commendandus
901 1221 1110 1290 obdormiscit
1133 1219 1165 1286 in

135 1329 275 1396 Domino
294 1351 378 1394 anno
397 1329 471 1393 855.

180 1435 378 1503 Benedictus
393 1435 459 1510 111,
481 1431 611 1502 excluso
625 1437 807 1502 Anastasio
824 1436 946 1526 pseudo
959 1475 975 1486 -
990 1437 1162 1527 pontifice.

135 1567 232 1633 quem
250 1552 342 1611 antea
359 1545 392 1610 in
414 1542 569 1610 Parcchia
586 1566 651 1608 non
668 1543 863 1610 residentem
889 1543 922 1610 S.
951 1543 1016 1612 Leo
1032 1552 1050 1612 a
1067 1544 1166 1612 sacris

135 1649 358 1726 interdixerat,
379 1649 538 1738 legitimus
565 1637 748 1738 agnoscitur
781 1649 927 1716 Pontifex
949 1650 1063 1738 quinto
1095 1637 1168 1738 post

133 1755 248 1821 Leonis
275 1753 399 1819 obitum
427 1751 500 1827 die;
532 1750 618 1817 unde
648 1753 807 1818 evanescit
834 1752 978 1818 Joucrtoe
1003 1754 1167 1822 Pontificis

135 1861 265 1938 sabula,
288 1883 386 1948 quam
410 1859 451 1924 ad
466 1857 610 1924 medium
625 1858 707 1924 inter
719 1858 799 1924 duos
811 1857 881 1925 illos
898 1859 1068 1926 Pontifices
1083 1856 1167 1926 tcm-

134 1993 195 2058 pus
212 1967 333 2034 referre
352 1964 484 2054 quidam
501 1965 692 2034 mentientes
715 1962 894 2032 voluerunt.
928 1963 1064 2032 Moritur
1082 1988 1167 2032 auno

141 2078 216 2142 858.
816 2149 819 2156 ¹
1002 2131 1004 2138 .

21 2253 23 2260 Α
176 2183 209 2251 N
211 2183 336 2248 icoluiis
352 2181 366 2250 l
381 2181 516 2272 Legatos
536 2181 847 2272 Constantinopolim
865 2185 962 2250 mittit
980 2183 1021 2250 ad
1053 2181 1169 2248 exami-

19 2332 21 2358 i
135 2289 275 2356 nandam
301 2290 406 2356 Photii
429 2302 462 2356 et
493 2290 606 2380 Ignatii
637 2291 677 2355 de
709 2290 1061 2380 Constantinopolitani
1085 2290 1168 2358 Sede

138 2395 403 2462 contendentium
412 2410 558 2464 causam.¹
572 2396 690 2462 Audita
698 2395 890 2484 Legatorum
901 2404 918 2462 a
931 2397 1046 2462 Photio
1057 2397 1169 2464 seduc-

6 2543 16 2582 t:
137 2515 246 2568 torum
265 2504 395 2592 indigna
415 2500 611 2580 collusione,
629 2501 813 2568 Photiuma
836 2502 1024 2569 Sacerdotio
1045 2503 1165 2592 dejicit.

136 2609 270 2677 Moritur
283 2635 367 2677 anno
394 2612 469 2698 867.

180 2720 360 2784 Adrianus
381 2720 422 2784 ll.
449 2717 554 2785 Photii
582 2717 820 2786 damnationem
847 2719 1069 2809 persequitur,
1096 2717 1168 2785 illo-

137 2849 201 2916 que
214 2828 246 2892 in
270 2823 401 2915 Synodo
422 2826 566 2904 Romana
591 2828 755 2917 deposito,
773 2829 886 2894 decem
902 2827 1038 2917 Legatos
1064 2823 1167 2892 Cons-

139 2928 364 3020 tantinopolim
395 2931 515 3010 mittit,
548 2931 603 3020 qui
640 2930 784 3000 Concilio
813 2931 954 3020 generali
987 2932 1064 3000 Vlll
1101 2932 1170 3020 ejus
1244 2939 1249 2950 “

140 3036 270 3101 nomine
288 3031 516 3126 praesiderentl
538 3037 789 3128 damnatumque
812 3039 990 3126 dejicerent
1005 3038 1166 3106 Photium.

143 3144 309 3224 Quasdam
331 3147 428 3212 etiam
450 3169 527 3214 cum
541 3144 656 3214 Carolo
677 3147 774 3215 Calvo
796 3151 1018 3216 contentiones
1037 3150 1170 3224 habuit,

140 3261 275 3341 propter
287 3251 497 3317 Hinemarum
510 3249 757 3319 Laudunenscm
775 3253 988 3343 Episcopum,
1002 3253 1056 3341 qui
1072 3261 1089 3318 a
1105 3251 1172 3318 llo-

136 3361 231 3422 mami
263 3355 473 3446 appellatione
499 3357 603 3424 fuerat
629 3359 819 3447 prohibitus.
853 3360 937 3426 lllors
963 3360 1033 3450 ejus
1055 3358 1172 3425 accidit
1221 3375 1226 3386 ·

141 3484 226 3552 anno
255 3463 330 3548 872.

181 3565 330 3650 Jpartuss
351 3565 429 3634 Vlll
459 3574 477 3631 a
511 3567 624 3634 Photio
649 3570 835 3658 aliquandiu
870 3569 1050 3658 deceptus,
1081 3569 1172 3636 illum

140 3669 580 3764 Constantinopolitanaescdi
591 3723 599 3750 ,
612 3676 737 3764 scriptis
749 3673 906 3764 epistolis,
921 3675 1078 3750 restituit,
1093 3697 1172 3763 quas

138 3779 247 3840 cuma
270 3775 384 3845 Photio
402 3774 596 3846 adulteratas
611 3781 806 3856 rescivisset,
836 3779 995 3870 simulque
1020 3780 1060 3846 de
1072 3781 1172 3869 impio

138 3877 417 3972 Constantinopoli
434 3883 597 3984 celebrato
621 3885 768 3956 Concilio
785 3887 903 3954 certior
920 3886 1033 3954 luisset
1049 3888 1169 3964 factus,
