3002 4572
613 409 655 492 ··(
682 409 780 498 ass)

241 558 282 611 2⁰.
315 544 513 612 Pauliniani
535 543 614 615 nihil
638 544 726 612 aliud
748 559 859 626 erant,
881 555 997 638 quem,
1019 561 1143 616 mutato
1165 573 1225 616 no-

192 651 303 728 mine,
320 649 500 739 additisque
521 650 611 716 novis
627 647 845 718 deliramentis
869 651 1072 729 Maniedaei3
1093 654 1224 744 prodie-

191 768 267 824 runt
276 768 361 822 anno
372 755 502 824 circiter
517 756 595 834 655,
614 754 696 824 duce
708 757 815 826 Paule
825 756 1057 836 Samosatene,
1067 759 1102 826 in
1115 759 1225 827 Arme-

192 865 255 932 nia.
287 863 446 932 Omnibus
467 849 691 953 iicdt¹ssagitiis
716 863 871 943 infames,
894 863 1050 956 plurimos
1072 879 1145 956 post
1169 891 1221 945 se,

192 970 377 1062 potentibus
393 970 538 1038 excitatis
547 968 714 1059 partibus,
732 969 905 1061 discipulos
917 984 1094 1039 traxerunt.

235 1080 277 1144 5⁰.
293 1077 364 1146 Hoc
376 1077 493 1144 eodem
504 1074 613 1144 seculo
625 1121 635 1152 ‚
646 1075 764 1164 impius
776 1077 1003 1156 Mahumstus,
1018 1079 1152 1147 natione
1162 1081 1223 1172 Cy-

190 1207 333 1262 renaeus‚
350 1191 369 1250 t
385 1182 517 1272 Sergio,
530 1194 568 1247 ut
582 1181 725 1248 creditur
735 1233 745 1260 ,
756 1181 948 1250 Nestoriano
960 1185 1120 1252 monacho
1132 1187 1222 1276 adju-

190 1306 254 1372 tus,
267 1291 571 1360 Mahumetanorum
580 1302 720 1368 sectam,
734 1291 916 1358 commixtis
929 1289 1065 1358 simulet
1077 1291 1221 1362 Judaicis

190 1396 414 1489 dogmatibus,
428 1406 460 1461 et
477 1394 663 1462 veritatibus
681 1393 871 1463 Christianis
882 1446 892 1475 ,
902 1380 941 1462 ¹et
956 1409 1102 1464 veterum
1110 1398 1221 1496 iraere-

190 1526 267 1570 seon
282 1499 521 1577 deliramentis,
544 1513 579 1597 et
603 1499 693 1566 novis
709 1500 808 1568 etiem
829 1500 985 1578 insaniis,
1010 1503 1216 1592 excogitavit.

191 1610 293 1677 Nemo
308 1607 410 1674 nescit
422 1606 580 1696 quantuni
595 1627 762 1672 armorum
776 1607 806 1686 vi
821 1606 956 1675 ridicula
972 1609 1031 1674 ista
1051 1607 1221 1678 invaluerit

191 1729 296 1794 secta,
310 1716 356 1782 sic
370 1714 580 1804 permittente
591 1711 659 1778 Deo
670 1725 803 1802 propter
812 1712 1069 1782 Christianorum
1081 1718 1220 1784 maxime

190 1821 404 1894 Orientalium
411 1823 565 1898 crimina,
583 1821 638 1912 qui
655 1836 793 1910 patrum
805 1844 943 1889 suorum
953 1825 1219 1892 mensurantim-

182 1934 367 2022 pisverant.

649 2106 671 2198 g
696 2105 751 2178 1v.

313 2308 467 2378 Consilia
479 2309 650 2403 generatis
671 2310 805 2398 septimi
817 2307 971 2378 Ecclesiae
981 2265 1111 2380 staats(
1200 2335 1203 2342 ·

231 2512 332 2578 Annis
347 2514 411 2578 680
427 2524 460 2578 et
483 2512 544 2576 681
571 2509 711 2576 habetur
728 2506 903 2576 concilium
920 2509 1216 2602 Constantinopoli-

186 2613 369 2694 t'snumlll,
379 2613 527 2707 generale
544 2614 600 2692 vl,
614 2613 808 2680 cuiaderant
820 2611 884 2679 duo
897 2605 1103 2692 Patriarehae,
1119 2613 1217 2682 Cons-

184 2722 471 2813 tantinopolitanns
484 2721 608 2789 scilicet
620 2733 652 2786 et
667 2718 910 2797 Antiochensis,
927 2721 988 2814 160
1000 2721 1151 2811 Episcopi
1162 2735 1217 2834 ,λοι

184 2829 252 2916 ipse
266 2829 509 2895 Constantinus
523 2828 716 2917 Pogeasatss
733 2825 933 2916 imperator,
946 2826 987 2892 ad
1006 2851 1217 2917 compescen·

177 2929 258 2996 -dam
268 2931 490 2999 seditiosorum
498 2925 849 3016 audaciam-S.Agatho
862 2927 907 2994 illi
923 2953 982 3018 per
994 2929 1129 3020 Legatos
1138 2956 1215 3022 prae-

184 3035 254 3102 iuit.
283 3037 435 3104 Damnati
461 3023 536 3102 siant
552 3029 839 3100 Monotheliterum
855 3057 1004 3113 errores,
1023 3036 1157 3126 duasque
1180 3039 1215 3105 in

176 3142 313 3211 -Ghristo
323 3143 513 3214 Voluntates
525 3141 652 3231 agnitae,
666 3139 773 3206 divina
786 3139 909 3208 scilicet
920 3155 953 3208 et
969 3143 1129 3228 humana,
1143 3145 1215 3211 toti-

181 3246 323 3338 demque
334 3250 544 3340 Operationes
556 3257 637 3336 quot
646 3245 942 3340 Naturae.Ssrgius,
951 3249 1115 3340 Pyrrhus,
1128 3253 1215 3317 Pau-

184 3353 234 3418 lus
252 3367 285 3420 et
304 3354 492 3432 Macarius,
508 3373 685 3441 eorumque
700 3363 876 3420 sectatores
893 3353 934 3420 ab
953 3353 1104 3424 Ecclesiae
1120 3376 1213 3423 com-

181 3459 338 3526 munione
353 3460 448 3550 ejecti
465 3471 548 3526 sunt.
