2990 4570
751 341 762 424 l
788 342 886 426 aad)

307 503 319 534 a
348 475 551 543 considerans
567 475 807 547 calamitatem:
826 477 850 540 si
866 473 996 562 quidem
1009 473 1105 540 servis
1120 485 1152 539 et
1167 470 1324 546 mendicis

305 593 327 639 a*
347 591 434 666 patet
446 578 578 670 ecclesia
590 580 647 646 Dei
659 581 717 656 ,in
728 601 826 668 quam
840 578 939 644 libere
953 577 1195 666 ingrediuntur,
1209 587 1242 641 et
1256 575 1326 641 Do·

305 709 317 744 s
348 683 435 749 mino
450 707 508 750 suo
530 683 719 774 supplicant.
750 683 826 748 Mihi
845 689 920 748 verb
937 694 972 747 et
985 680 1125 748 ecelesiae
1142 679 1247 747 aditus
1275 680 1326 744 in·-

304 788 501 864 »terdietus
516 801 589 866 est,
608 801 641 858 et
659 795 813 878 praeterat
828 787 942 855 clausae
958 800 1032 853 sunt
1055 785 1126 854 eoeli
1142 786 1237 851 fores.
1257 784 1328 849 lilea

304 917 317 952 a
349 914 419 958 mor
439 892 525 957 enim
547 915 618 958 sum
629 891 798 958 dominicas
813 892 918 967 vocis,
939 899 1008 980 quae
1028 889 1144 956 diserte
1164 890 1206 954 ita
1224 888 1325 955 dicit:

297 1027 317 1058 a
351 996 585 1085 Quodcumque
598 997 767 1086 ligaveritis
784 1019 878 1086 super
892 1009 1031 1073 terram,
1059 996 1120 1061 erit
1141 989 1276 1084 ligatum
1294 1005 1327 1060 et

304 1133 317 1165 a
348 1103 494 1178 incoelis.
511 1105 594 1172 'l'lrm
611 1103 768 1170 Rufinus:
786 1103 941 1181 Curram,
957 1103 1078 1192 inquit,
1095 1103 1121 1167 si
1132 1103 1191 1166 tibi
1204 1101 1341 1190 placet(

304 1239 317 1274 s
340 1222 380 1283 tel
395 1213 533 1278 exorabo
558 1213 731 1280 antistitem
746 1224 782 1278 ut
801 1210 926 1279 vincula
946 1225 1001 1277 tua
1017 1210 1126 1277 solvat.
1148 1209 1207 1274 Cui
1224 1210 1310 1298 impe
1327 1253 1330 1257 -

231 1339 233 1344 ’
306 1347 319 1380 »
349 1329 436 1387 rator
454 1342 462 1384 τ
482 1319 555 1386 Nou
570 1319 792 1408 persuadebis,
807 1320 928 1410 inquit,
942 1319 1128 1415 Ambrosi03
1140 1318 1213 1384 novi
1225 1319 1327 1405 aequi-

207 1469 238 1498 ,·
256 1481 259 1486 .
306 1451 319 1484 r
347 1435 446 1491 tatem
462 1423 733 1492 sententie'illius.
754 1425 923 1514 Nunquam
934 1424 1004 1500 ille,
1022 1422 1219 1513 imperialem
1235 1445 1329 1488 reve-

305 1557 320 1590 s
348 1530 428 1596 ritus
443 1541 651 1618 potestatem,
674 1531 732 1596 Dei
754 1530 857 1620 legem
880 1529 1054 1596 violaturus
1077 1542 1134 1594 est.
1162 1528 1226 1596 Sed
1250 1534 1326 1596 cirm

307 1663 319 1695 a
349 1635 491 1702 llulinus'
507 1639 659 1714 instaret,
680 1641 779 1726 seque¹
792 1637 960 1704 Ambrosio
976 1649 1216 1726 persuasurum
1230 1635 1327 1726 polli-

307 1769 319 1802 ι»
348 1755 498 1820 caretur,
520 1745 693 1832 imperator
717 1769 791 1811 eum
806 1744 994 1826 illicbabire
1014 1745 1115 1834 jubet.
1136 1743 1202 1810 Nec
1225 1742 1328 1810 multo

307 1877 320 1910 a
348 1861 420 1936 post
431 1850 648 1940 ipsequoque,
662 1853 717 1940 spe
729 1847 925 1928 blandiente,
936 1851 1125 1936 subsecutus
1142 1863 1207 1926 est,
1218 1849 1328 1916 Rufini

308 1983 319 2016 a
349 1953 634 2043 pollicitationibus
651 1957 800 2024 credens:
827 1971 830 1978 ‘
921 1967 924 1972 '

351 2089 364 2123 a
393 2061 514 2128 Verbrn
531 2063 656 2129 divinus
678 2063 862 2131 Ambrosius
885 2065 977 2132 simirl
994 2077 1088 2154 atque
1104 2058 1257 2130 Rufinum
1280 2063 1328 2128 vi-'

309 2195 321 2228 a
348 2166 396 2232 dit
414 2190 422 2232 τ
442 2167 584 2244 Canum,
602 2169 722 2257 inquit,
738 2165 975 2260 impudentiam
998 2171 1154 2247 imitaris,
1179 2169 1297 2266 Rufina
1314 2179 1330 2242 ς’

195 2271 199 2280 “
309 2299 321 2332 »
351 2293 426 2336 nam
441 2276 623 2338 cirmtantae
632 2272 844 2340 oaedissuasor
855 2275 1014 2348 extiteris,
1026 2274 1183 2362 pudorem
1196 2273 1328 2339 efronte

310 2405 323 2438 a
351 2377 535 2450 excussisti3
554 2379 706 2467 atraque
724 2380 909 2455 erubescis,
932 2403 1036 2467 neque
1054 2378 1226 2455 formidas,
1252 2369 1337 2444 cirm'

309 2509 322 2542 »
351 2481 499 2548 adversus
520 2482 689 2572 imaginem
707 2482 765 2548 Dei
785 2487 873 2575 tanta
889 2481 986 2546 -rabie
1010 2481 1153 2546 saevie'ris.
1181 2481 1329 2572 Cumque

310 2584 485 2650 »aRul'mus
501 2583 695 2674 supplicaret
710 2635 719 2662 ,
734 2597 779 2650 vet
792 2587 1019 2674 imperatorem
1040 2587 1130 2652 brevi
1153 2585 1330 2654 affuturum

311 2717 322 2750 a
352 2711 420 2754 esse
435 2687 574 2762 diceret,
591 2685 985 2754 admirabilis‘Ambrosius
1007 2687 1112 2754 divino
1125 2687 1196 2754 ‘zelo
1217 2690 1330 2755 ineen-

238 2776 247 2805 ¹
308 2822 323 2854 ¹a
352 2815 404 2858 sus
419 2815 433 2856 :v
443 2791 511 2879 Ego
522 2790 651 2878 quidem
666 2841 675 2867 ,
692 2792 909 2880 inquit,.tibi‚
926 2791 1061 2870 Rufino,
1077 2793 1216 2882 praedieo
1232 2806 1328 2882 atque

311 2925 323 2958 a
352 2894 549 2984 prenuntio,
572 2917 623 2962 me
638 2893 729 2961 illum
740 2895 780 2960 ab
799 2895 942 2985 ingressu
957 2897 1038 2962 sacri
1059 2896 1203 2963 vestibuli
1219 2896 1332 2986 repul-

311 3031 324 3064 »
353 3021 480 3072 surum;
510 2999 536 3064 si
559 3006 635 3065 verb
654 3000 823 3088 imperium
839 3003 871 3066 in
889 3002 1092 3090 tyrannidem
1107 2995 1254 3080 verterit,
1272 3029 1331 3094 ego

258 3127 259 3130 ’
312 3137 324 3170 a
349 3111 481 3195 quoque
497 3105 609 3176 libenti
627 3107 734 3174 animo
750 3107 869 3176 caedem
883 3111 1049 3200 excipiam..
1152 3159 1157 3166 -

286 3241 313 3260 ι·
356 3241 369 3274 a
397 3211 454 3284 llis
473 3211 607 3288 auditis.
635 3211 778 3282 Rufinus¹
793 3212 1123 3304 consiliumepiseopi
1144 3217 1332 3306 imperatori

270 3335 271 3338 ’
312 3347 325 3380 a
350 3341 412 3408 per
434 3319 583 3384 nuntium
606 3318 817 3408 significarit,
843 3321 1002 3408 suasitque
1020 3333 1056 3385 ut
1073 3322 1155 3386 intra
1176 3320 1332 3411 palatium

218 3485 221 3496 ι
313 3455 325 3488 a
354 3437 543 3498 remaneret.
560 3424 602 3491 At
619 3426 792 3515 imperator
811 3431 885 3494 cum
907 3427 1023 3494 haecin
1039 3428 1146 3494 madio
1161 3429 1230 3496 loro
1247 3429 1333 3496 didi-

314 3563 327 3595 »
356 3533 450 3600 cisset
465 3556 473 3598 τ
490 3532 567 3610 lbo,
585 3533 707 3620 inquit,
721 3545 754 3600 et
769 3534 869 3622 justas
880 3535 982 3622 patiar
994 3529 1213 3602 contumelias.
1230 3535 1334 3604 Cum-

314 3673 326 3705 »
355 3665 417 3730 qua
448 3641 493 3707 ad
515 3640 658 3710 ecclesie
674 3654 770 3731 septa
789 3642 1003 3732 pervenisset,
1025 3643 1057 3707 in
1081 3644 1182 3732 ipsam
1202 3643 1333 3732 quidem

314 3749 518 3818 »basilicam
541 3751 699 3840 ingressus
721 3774 786 3846 non
807 3762 875 3826 est;
899 3749 955 3816 sed
977 3749 1133 3816 accedens
1150 3751 1191 3816 ad
1206 3753 1335 3840 episeo-

314 3887 325 3920 ω
355 3881 452 3948 pum,
471 3857 524 3944 qui
539 3861 609 3924 tan
622 3853 855 3927 iu·salutatorie
875 3853 1034 3922 residebat
1049 3907 1058 3932 ‚
1072 3855 1257 3922 ut--vinculis
1270 3855 1335 3923 aol-
