2956 4586
182 293 209 343 s

556 387 567 475 t
596 388 675 475 ⁶7)

71 528 571 626 ¹nempe,1.⁰,exhortatorium
597 529 644 594 ad
668 543 778 618 gentes
792 533 892 616 grece
919 539 1117 624 eporpeulrxoe,

90 642 156 726 qud
179 632 362 700 fictionibus
378 630 637 718 carminibusque
652 635 820 720 poetarum
842 631 995 700 contiuuo
1011 655 1117 700 erma·

47 781 54 786 -
91 757 147 808 tus
163 739 298 830 propriis
312 735 508 802 adversarios
520 733 590 800 telis
606 734 764 824 perfodit,
781 747 1009 825 congestasque
1023 762 1118 830 super

95 849 200 915 insani
216 845 319 912 oultds
332 844 439 908 ruinas
451 841 579 932 elegans
597 841 692 908 simul
708 855 739 908 et
755 843 922 909 immotum
941 845 1119 914 christianae

43 1013 46 1016 .
95 954 242 1044 religioni
257 949 414 1039 templum
430 951 540 1039 erigit,
564 950 650 1039 quod
666 949 790 1016 ratione
805 950 977 1020 fundatum
993 956 1118 1022 cunetis

97 1058 460 1127 virtutibusexornaturs
478 1066 525 1119 a.⁰
536 1053 845 1143 Poedagogusquem
856 1054 944 1142 juxta
957 1057 1021 1128 vim
1031 1060 1120 1127 verbi

98 1181 285 1240 neormam
317 1169 545 1247 praeceptorem
564 1157 698 1222 dixerim
717 1207 726 1233 ,
749 1158 802 1244 qui
817 1181 955 1249 puerum
972 1165 1061 1250 quasi
1083 1165 1122 1230 ab

98 1263 303 1335 incunabulis
319 1261 500 1326 inanitate
525 1259 607 1348 fidoi
636 1261 827 1348 uirtutisque
850 1265 1047 1350 perfectione
1073 1269 1125 1336 in-

101 1369 309 1440 formandum
317 1367 466 1454 suscipit,
486 1365 748 1430 ‹tonecocoorrat
758 1366 795 1428 in
809 1365 925 1431 virum
930 1370 1126 1459 perfeetum,

103 1485 144 1544 in
163 1497 357 1544 mensuram
377 1473 486 1538 oetatt's
501 1471 731 1560 'plenitudinis
753 1467 881 1537 Christi
892 1503 906 1552 ;
918 1477 1126 1570 (Ephtns.)

103 1589 541 1672 5.²Stromato‚·2lponeree,
561 1599 631 1666 quae
649 1575 763 1642 melius
775 1574 873 1644 latine
894 1595 1030 1670 tapetes,
1048 1610 1130 1676 quo-

107 1717 181 1758 rum
200 1701 272 1756 ooto
293 1687 384 1753 libris
403 1685 471 1750 sine
490 1682 602 1748 ordine
620 1682 770 1769 quidem,
797 1681 854 1749 sed
876 1709 941 1765 non
957 1689 1025 1756 sine
1042 1699 1138 1780 grath

107 1797 260 1864 varietate
282 1789 428 1855 diffirsem
455 1811 583 1854 omnem
609 1785 726 1851 Christi
748 1786 983 1878 philosophiam
999 1817 1133 1882 pereur-

110 1928 183 1972 rere
198 1897 369 1992 gaudebis,
385 1896 549 1983 dequibus
565 1895 607 1960 ita
622 1895 690 1982 ipse
708 1891 878 1964 Clemens:
903 1925 915 1957 u
932 1897 1014 1966 Sunt
1026 1914 1133 1971 autem

109 2039 130 2073 »-
147 2003 434 2075 libriStrdmatum
443 2001 553 2088 utiq‘ue
562 1999 679 2066 similes
687 2023 751 2065 non
763 1999 823 2066 illis
835 2001 1006 2072 elaboratis
1017 2005 1132 2088 hortis,

59 2135 64 2139 ·
109 2145 122 2180 o
152 2116 187 2181 iu
200 2111 314 2201 quibus
326 2120 404 2174 sunt
422 2109 553 2174 arbores
566 2119 598 2172 et
610 2103 725 2195 plantae
740 2107 774 2173 in
791 2119 914 2174 eertum
931 2109 1077 2202 ordinem
1094 2113 1136 2180 ad

106 2251 120 2286 a
151 2215 356 2286 delectandos
380 2213 490 2282 oculos
506 2209 656 2301 digestaef,
677 2212 732 2277 sed
754 2209 850 2278 elicui
868 2215 973 2304 potius
988 2216 1087 2307 spisso
1104 2232 1137 2285 et

110 2357 124 2392 s
156 2325 312 2392 umbroso
324 2321 448 2396 monti,
462 2319 496 2383 in
513 2341 576 2406 quo
590 2315 684 2383 simul
701 2330 775 2385 sunt
786 2316 935 2406 plantatae
952 2321 1090 2410 cypressi
1106 2335 1139 2388 ot

111 2465 125 2498 s
155 2431 278 2524 platani
294 2479 303 2504 ,
319 2426 427 2491 laurus
440 2437 475 2494 ‚et
488 2423 610 2492 hedera
624 2475 633 2501 ,
649 2423 769 2491 maliet
781 2423 860 2490 oleae
876 2437 908 2490 et
925 2427 1021 2504 ficus,
1045 2429 1088 2492 itb
1105 2440 1140 2492 ut

110 2568 124 2601 o
156 2537 197 2600 de
213 2530 368 2598 industrii
385 2526 535 2594 fertilium
549 2526 642 2598 simul
658 2540 690 2596 ot
706 2551 771 2599 non
786 2527 938 2597 fertilium
953 2527 1069 2617 plautae
1082 2553 1138 2596 nr·

110 2673 124 2706 s
156 2641 274 2706 borum
288 2635 350 2699 sint
366 2633 573 2701 commixtae.»
587 2633 759 2718 (Strdmat.
777 2633 834 2700 lib.
853 2634 1138 2721 7.]Oetavushiber

113 2751 148 2819 S.
167 2743 324 2812 Clementi
342 2765 408 2808 non
424 2739 549 2806 videtur
565 2739 803 2828 adscribendus.
824 2739 939 2808 Tribus
955 2755 1064 2816 autem
1079 2742 1140 2820 illit
1257 2789 1262 2800 ,

112 2855 264 2946 operibus
279 2849 435 2941 perlicere
458 2849 668 2914 christianum
694 2847 866 2938 intendisse
886 2848 1042 2948 dixerim,
1060 2856 1139 2927 edem

101 2966 221 3060 ¹primo
233 2981 329 3048 opere
343 2957 467 3026 samios
482 2978 619 3052 purgare
636 2953 823 3048 christianos
836 2961 854 3020 a
873 2956 1019 3029 sordibus
1033 2947 1141 3034 edbe-

113 3069 257 3139 rentium
269 3063 553 3152 superstitionumj
563 3060 716 3156 ¹,secundo
728 3061 794 3153 jam
803 3074 954 3150 purgatos
969 3063 1142 3144 initiasset

115 3175 283 3244 instituere
293 3196 302 3244 ;
320 3170 413 3236 tertio
430 3167 567 3257 denique
584 3166 730 3260 adsuere
743 3168 881 3240 maxima
895 3189 1143 3257 supremamque

115 3282 177 3356 Dei
194 3273 500 3362 contemplationem
518 3271 687 3366 admittere
704 3282 849 3344 conetur,
917 3329 932 3351 .,
950 3335 958 3350 ,

166 3384 288 3450 Praeter
304 3377 357 3442 illa
370 3389 479 3442 autem
495 3376 612 3464 scripta
629 3388 795 3470 remanent
816 3377 1052 3470 chemmin?
1064 3397 1146 3466 Ptin

117 3511 176 3554 vus
191 3485 274 3552 liber
291 3482 331 3547 de
345 3481 449 3546 divite
463 3481 644 3556 salvando,
658 3492 690 3544 et
708 3481 1039 3570 2.⁰'Hypotyposeou,
1054 3501 1158 3562 ,mm

116 3619 260 3656 τιποσεων,
280 3597 435 3652 truncatae
455 3583 600 3674 quasdam
616 3583 742 3676 portos,
759 3608 829 3674 quae
850 3586 890 3651 ad
905 3576 1142 3656 Plutonieorum

120 3691 336 3780 sophistarum
357 3689 499 3779 placita,
526 3691 619 3755 nimis
647 3701 725 3754 tune
748 3689 780 3754 in
803 3689 1014 3763 Alexandrina
1037 3689 1146 3759 schole

117 3794 256 3872 diffusa,
273 3795 344 3885 plus
360 3816 450 3886 aequo
463 3793 615 3862 inclinare
626 3794 783 3860 videntur.
1235 3885 1237 3888 Ι

116 3973 118 3977 ,
168 3897 202 3965 S.
224 3896 396 4001 Clementis
415 3897 533 3984 scripta
550 3896 612 3962 alut
624 3899 800 3986 praesertim
816 3894 959 3964 doctrine
977 3899 1060 3966 inter
1075 3921 1150 3968 om-
