2956 4586
1083 309 1093 342 6

566 314 578 400 l
606 335 646 399 ²9
670 315 680 400 t

100 451 260 542 Apostolis
282 465 357 520 sunt
378 453 562 531 tribuendi,
588 454 645 522 sed
668 466 776 520 tamen
792 453 904 544 primis
920 450 1069 520 Eeclesiae
1085 471 1131 514 so·

99 559 179 626 culis
191 559 320 628 collecti
331 561 474 636 suerunt,
486 571 520 626 et
530 563 708 650 praesertim
723 560 800 627 editi
815 583 888 638 ‚cn
910 561 1006 648 1672,
1017 559 1127 624 Onon.

100 667 140 730 in
153 667 333 733 Pandeotis
346 667 525 732 Cononem
539 672 561 732 ὰ
578 667 710 733 Guttut.
729 668 920 758 Reveregio‚
937 663 1038 732 insol.

149 784 195 838 2.⁰
218 772 502 854 Constitutionum
517 773 776 862 apostolicarum
788 771 846 838 tit.
869 775 912 848 8,
931 771 985 860 qui
1001 769 1042 836 ad
1056 792 1131 858 pos-

72 949 74 954 ,
102 877 220 942 teriora·
232 876 390 943 referendi
405 891 550 968 tempora
564 928 573 955 ,
589 876 690 944 multa
706 890 816 944 tamen
831 873 923 942 utilia
939 875 1129 950 continent,

70 1056 72 1059 v
103 992 135 1045 et
148 981 278 1054 fuerunt
293 981 424 1048 excusi:

149 1087 275 1162 Groeet,
292 1085 460 1164 Venetiis,
474 1111 526 1156 an.
551 1088 647 1162 1563,
661 1091 738 1154 eura
755 1085 1129 1162 Framtmorrtaet,

100 1197 211 1277 in-4.⁰.

144 1299 264 1366 Latine
285 1313 392 1366 autem
415 1321 466 1365 on.
498 1299 580 1366 1606
595 1349 615 1396 ,·
634 1321 673 1364 ex
694 1299 838 1364 iersione
863 1293 1131 1387 Turricni'epud

100 1407 314 1475 conciliorum
325 1404 549 1475 collectionem
561 1406 669 1473 Binii.

148 1515 259 1580 Grcect
279 1513 313 1579 'et
329 1513 432 1578 latine
447 1535 499 1577 an.
523 1511 617 1598 1672.
633 1511 666 1575 in
683 1507 892 1576 conciliorum
909 1507 1097 1576 collectione
1113 1517 1130 1575 h

101 1617 241 1684 lattaeo
252 1616 336 1682 facta
351 1665 360 1692 ,
374 1625 452 1680 tom.
476 1637 504 1678 r.

130 1723 196 1814 ,ὅθ
220 1721 515 1810 Recognitionum,
535 1719 605 1784 sive
624 1719 842 1794 Arepepeepar,
857 1715 913 1781 tit.
937 1713 1128 1804 10,quila-

107 1824 176 1888 tine
191 1828 316 1887 tantum
332 1843 372 1886 ex
387 1820 495 1887 Rufini
507 1821 652 1886 versione
667 1831 792 1886 exstent
803 1869 812 1895 ,
825 1841 922 1907 qnam
934 1819 967 1885 in
979 1817 1132 1887 Gauden-
1221 1825 1225 1834 '

106 1929 143 2018 tii
159 1929 299 2018 episcopi
314 1927 484 1994 Brixiensis
499 1929 633 2016 gratiam
648 1927 838 2018 composuit.
857 1927 930 1992 Hoc
947 1949 1026 2015 opus
1041 1951 1132 1993 erro-
1151 2013 1152 2018 ἵ
1210 1991 1214 2000 ,

104 2027 194 2102 rib'us
207 2050 239 2103 et
253 2034 368 2102 sabulis
380 2035 534 2102 refertum
549 2057 703 2102 excusum
715 2045 763 2100 est
777 2028 979 2099 maxime'an.
1004 2035 1086 2122 1677
1099 2036 1132 2100 in

102 2139 297 2207 bibliothece
314 2123 445 2206 Petrum
461 2139 679 2229 Lugdunensi.

148 2249 197 2325 4st
222 2245 458 2323 clementina,
474 2247 508 2312 in
525 2245 689 2314 Athanasii
705 2247 832 2336 synopsi
849 2259 1044 2325 memorata,
1061 2257 1131 2338 que

108 2349 301 2415 constabant
315 2349 354 2416 'ao
368 2350 517 2416 homiliis.
537 2351 690 2418 Homilies
704 2351 826 2441 priores
846 2355 903 2427 18,
921 2343 953 2417 et
974 2375 1011 2440 ¹9
1033 2353 1132 2420 altera

109 2467 205 2548 parte
220 2455 371 2523 mutilans
394 2467 498 2549 greeae
514 2457 614 2524 'edidit
630 2459 809 2526 Cotelorics
829 2473 862 2526 et
876 2461 1022 2526 versione
1037 2459 1133 2528 latini

108 2561 282 2628 illustravit
294 2553 332 2626 tn‘
342 2562 497 2653 patribus
511 2565 697 2654 apostolicis
711 2616 720 2642 ,
736 2590 787 2631 an.
812 2567 916 2652 1672,
933 2567 1085 2654 Parisiis.

152 2667 226 2733 Sola
249 2679 359 2739 autem
379 2691 448 2757 quae
470 2676 558 2736 recte
574 2668 607 2735 S.
636 2669 794 2736 Clementi
810 2665 851 2736 ed
868 2669 1051 2738 Corinthios
1074 2675 1134 2739 tri·

105 2775 219 2840 buitur
234 2773 391 2864 epistola,
412 2799 487 2843 cum
502 2775 635 2866 epistola
653 2776 770 2854 alteri,
789 2781 885 2864 quani
910 2777 1040 2844 dubiam
1058 2772 1134 2848 iesse

108 2881 261 2957 diximus,
274 2881 359 2970 apud
372 2879 573 2948 Cotelerium
585 2905 701 2949 excusa
713 2895 761 2948 est
777 2907 851 2949 cum
867 2882 934 2949 aliis
949 2879 1135 2974 apostolicis

104 2983 278 3074 patribus,
291 2999 322 3052 et
334 2987 504 3076 separatim
524 2990 621 3075 1687,
638 2987 793 3054 londini
808 3041 817 3066 ,
835 2989 929 3055 in-8⁰.
1052 2994 1057 3016 '

440 3190 621 3259 Vennones
638 3203 789 3256 carnion.

156 3400 219 3480 Qui
239 3401 326 3468 illam
347 3397 527 3490 megnaex-
539 3411 629 3488 parte
646 3401 679 3465 in
695 3397 845 3488 gallicum
866 3411 1046 3466 sermonem
1063 3425 1130 3469 ver-

107 3532 177 3574 sem
196 3508 303 3597 legere
324 3509 480 3584 voluerit,
506 3501 598 3573 adeat
624 3508 663 3573 D.
682 3507 825 3594 Flenry,
853 3505 926 3571 hist.
947 3507 1129 3576 Ecclesiast.

107 3613 215 3678 libre.
236 3637 265 3680 c.
288 3615 340 3680 55.
368 3615 495 3702 Integra
512 3613 671 3702 reperitur
693 3609 808 3700 gallico
832 3630 979 3678 sermone
1002 3615 1135 3680 concin-

47 3723 51 3728 '
107 3729 182 3782 nata
196 3719 280 3806 apud
293 3741 442 3807 magnam
454 3716 587 3784 bibliam
602 3769 611 3795 ,
636 3740 675 3783 ex
689 3717 836 3782 versione
851 3716 890 3782 D.
908 3716 1049 3809 Legras,
1067 3720 1132 3786 Pc-

107 3845 284 3910 movim.
