2990 4570
520 415 547 500 ·(
569 429 627 479 nt
654 409 665 502 )

139 581 153 614 ι
185 552 267 618 Cum
283 551 406 621 ratione
419 555 469 644 pis
485 505 677 644 pandonem
696 509 818 645 origine
832 559 954 646 primi,

137 685 151 720 ι
184 655 330 736 Qualiter
344 657 431 724 huno
445 659 603 724 mundum
614 661 729 726 sumini
745 660 915 747 prudentis
934 665 1033 751 patris

140 791 154 825 ι
183 764 343 854 Tempore
358 779 546 854 presentem
560 779 637 833 tunc
653 791 711 856 per
725 767 774 831 bis
786 779 875 832 ternu
893 765 1016 834 dierum

142 900 154 932 s
186 873 334 949 Fecerit.
351 886 469 938 eterno
481 873 651 962 disponunt
667 872 773 939 secula
790 885 882 948 nutu,
893 885 946 941 eto
947 923 1012 940 .....
1030 867 1051 938 s'

612 1013 780 1100 (ozano.
800 993 917 1106 sepi
970 993 974 1004 '

150 1203 407 1292 Elegantioribus
428 1207 517 1267 certe
540 1202 704 1278 versibus,
735 1204 901 1292 minbsque
936 1201 1118 1270 claudican—
1233 1285 1236 1292 Ι

102 1311 189 1376 tibus
206 1307 362 1376 celebrari
377 1309 553 1396 potuissent
567 1307 647 1373 tenti
659 1309 716 1373 viri
739 1307 829 1376 dotes
845 1307 985 1394 eximiae3
1007 1303 1056 1375 bis
1071 1322 1117 1374 m·

105 1435 181 1484 men
192 1415 388 1483 carminibus
400 1413 508 1480 videre
517 1425 585 1492 est,
601 1422 716 1502 quante
729 1399 932 1481 veneratione
945 1399 1120 1498 lubentem-

105 1522 194 1611 poris
208 1519 345 1609 riguerit
366 1509 562 1584 Ambrosius.
585 1519 662 1606 Ejus
682 1519 865 1585 encomium
884 1517 1005 1587 solicitis
1027 1517 1122 1588 simul

104 1633 138 1692 et
157 1625 319 1714 antiquins
340 1623 491 1712 scriptum
510 1623 664 1688 babemus
681 1625 719 1688 ab
736 1618 857 1690 incerto
880 1639 1012 1692 auctore
1027 1623 1120 1716 cnjus

104 1721 247 1796 carmina
270 1715 308 1793 ἐκ
331 1727 373 1791 Μ.
395 1725 579 1792 Golbertino
599 1722 673 1790 anni
694 1721 821 1792 circiter
838 1727 904 1791 boo
930 1727 1117 1817 deprompto

102 1849 275 1904 recensere
290 1832 375 1897 haud
392 1833 550 1920 ingratum
565 1831 661 1896 inerit
678 1839 687 1893 ἑ
1106 1829 1109 1836 ’

152 2049 166 2081 ι
191 2022 305 2101 Audeo
321 2043 399 2107 quos
414 2017 526 2083 humili
542 2041 649 2083 versus
665 2016 866 2082 subscribere
881 2016 963 2112 stylo
979 2069 988 2094 ‚

193 2154 207 2187 ι
240 2125 282 2189 Μί
298 2125 415 2198 lector,
433 2122 498 2188 noli
515 2124 631 2190 ducere
646 2146 703 2211 pro
718 2121 818 2187 nihilo
834 2145 843 2194 ;

151 2261 165 2294 »
193 2232 310 2298 Dicere
322 2231 407 2319 cogit
423 2243 675 2316 enormeque
690 2227 816 2317 loquor,
833 2226 1079 2304 Ambrosianus,

197 2365 210 2397 s
241 2336 301 2400 Cui
317 2336 433 2401 servire
450 2335 538 2422 cupit
550 2357 639 2398 mens
651 2356 746 2408 meu,
768 2331 895 2421 lingua,
913 2357 1034 2399 manus.

152 2471 164 2504 n
198 2443 229 2508 0
244 2443 437 2530 quicumque
450 2442 515 2506 sitis
531 2439 668 2530 paradisi
683 2435 797 2528 gaudia
813 2462 905 2516 vera,

198 2577 212 2610 ι
243 2539 402 2614 Ambrosii
419 2541 546 2611 monitis
558 2539 694 2610 subdere
711 2555 741 2607 te
755 2563 900 2631 propera.

153 2682 166 2714 ι
197 2651 384 2718 Ambrosius
401 2673 546 2716 normam
558 2648 615 2722 tibi
632 2659 787 2713 monstrnt
798 2647 876 2735 juris
888 2659 920 2710 et
935 2641 1038 2736 equi,

198 2789 211 2821 ι
241 2755 329 2826 Felix
342 2757 367 2824 si
383 2757 501 2846 poteris
519 2751 664 2831 discere,
682 2751 762 2820 scire
777 2802 786 2830 ,
804 2749 902 2842 sequi.

151 2894 164 2928 ι
196 2861 356 2930 Ambrosii
368 2861 493 2951 scriptis
508 2854 696 2949 producitur
706 2858 746 2922 ad
763 2855 895 2924 meliora

201 2999 214 3029 »
245 2969 309 3048 Qui
323 2956 378 3044 sua
395 2967 511 3056 scriptu
527 2964 602 3053 legit
618 2963 740 3029 etfacit
755 2958 874 3049 absque
889 2968 989 3028 morri.

155 3104 167 3136 tt
191 3071 402 3142 Ambrosium
417 3067 534 3160 legito,
550 3067 575 3135 si
591 3065 660 3134 vitae
676 3086 792 3157 pascua
809 3067 939 3156 quaeris3
993 3057 996 3062 ¹

199 3209 211 3241 s
245 3179 324 3258 Quae
339 3176 415 3266 legis
431 3177 499 3248 haec
511 3174 630 3249 facito,
647 3173 754 3261 sicque
770 3173 881 3236 beatus
897 3169 968 3236 eris.

155 3315 168 3347 ι
196 3282 285 3348 Finis
303 3280 391 3345 adest
408 3304 415 3346 :
433 3301 550 3344 munus
561 3285 687 3366 praestet
702 3277 756 3363 qui
770 3275 871 3346 trinus
887 3286 919 3339 et
935 3294 1016 3339 unus

201 3416 214 3451 s
243 3383 286 3454 Sc
301 3373 404 3460 niihi,
422 3383 530 3470 sicque
541 3381 612 3470 pius
628 3377 768 3468 postulet
782 3377 978 3444 Ambrosius.
993 3405 1006 3440 a
