2940 4570
785 349 920 436 (ω)

349 489 441 553 cisiis
463 493 537 553 curi
565 487 714 554 Muttboei
735 487 837 576 Pfaff
863 501 896 554 et
919 489 1062 575 ejusdem
1085 490 1278 579 Lonourry,
1302 493 1367 556 sire

351 593 539 680 Combrign
557 613 633 656 cum
650 592 733 656 uotis
744 591 881 656 Davisii
895 639 904 666 ‚
920 592 1016 656 in-80.

685 755 853 814 vupsrorrns
876 753 1026 798 ussurus.

399 883 442 934 r.⁰
466 871 594 958 Septem
622 870 869 936 institutionum
884 869 955 936 libri
970 877 988 936 b
1001 871 1125 936 Rsnoto
1141 872 1173 938 F
1174 894 1281 936 umoeo
1303 873 1371 962 gal-

351 975 412 1042 lius
430 975 629 1063 interpretati
653 976 758 1040 excusi
775 987 871 1050 sunt,
896 981 965 1040 tium
988 976 1151 1052 Parisiis,
1183 999 1234 1042 an.
1258 978 1369 1056 1546,

352 1083 459 1158 iuss,
477 1095 509 1148 ot
529 1085 625 1160 1581,
638 1083 759 1154 inunt
778 1089 845 1167 tirso
863 1082 1034 1176 Lugduni,
1054 1107 1104 1150 an.
1129 1085 1208 1170 1547
1222 1097 1255 1149 et
1273 1086 1365 1152 1565.
1448 1109 1449 1112 ’

398 1202 443 1254 o.⁰
464 1190 601 1256 Primus
622 1190 810 1254 corumdem
824 1189 908 1254 liber
920 1212 1026 1256 versus
1041 1196 1058 1253 h
1074 1191 1200 1258 Drouct
1216 1193 1257 1258 ds
1272 1194 1312 1260 M
1313 1219 1373 1260 uu-

349 1310 466 1384 portuy
478 1293 573 1382 praelo
589 1292 752 1382 subjectus
764 1305 811 1358 est
826 1295 1035 1370 Auonionis,
1053 1316 1103 1358 nn.
1124 1317 1226 1380 1710,
1246 1295 1311 1360 in·1
1321 1321 1349 1362 u.
1449 1355 1450 1362 ,

397 1401 443 1466 53
465 1397 547 1464 liber
559 1398 598 1462 do
608 1413 712 1462 morto
720 1405 992 1484 persecutorumb
1009 1398 1047 1464 D.
1062 1399 1100 1466 M
1102 1400 1240 1466 ouoroin
1252 1397 1374 1488 gallicae

270 1552 275 1563 .
353 1505 425 1570 srdsi
442 1503 583 1570 redditus
599 1501 707 1574 lucem
724 1502 802 1568 vidit
817 1503 960 1568 Parisiis
974 1526 1025 1570 an.
1046 1505 1374 1580 resinosissima

354 1610 616 1700 interpretatione
632 1607 774 1674 doctoris
789 1609 939 1686 Bennoi,
958 1607 1099 1686 lits-sols,
1121 1609 1222 1698 1687,
1238 1609 1343 1676 inus.
1450 1679 1451 1684 ,

807 1799 829 1890 s
854 1799 919 1866 111.

570 1991 729 2070 Eusebius
745 2005 977 2077 Caesariensis,
994 2011 1053 2068 on.¹
1071 2005 1142 2082 540.

806 2203 948 2270 Guneus.

401 2392 577 2469 Eusebius,
598 2357 751 2482 bamphiti
768 2397 814 2483 (ι)
841 2367 1028 2483 praesbyteri
1047 2394 1247 2462 Caesariensis
1271 2394 1320 2480 (2)
1340 2415 1377 2455 ac
1452 2415 1453 2474 ς

358 2498 504 2584 martyris
515 2522 581 2562 non
592 2497 675 2564 filius
690 2551 697 2574 ,
711 2522 771 2564 nec
783 2522 891 2564 servus
903 2549 911 2574 ,
927 2500 982 2564 sed
996 2500 1117 2564 amicus
1131 2498 1175 2563 ita
1189 2495 1375 2584 singularis,

359 2612 394 2662 ut
409 2600 448 2664 ab
465 2624 502 2664 eo
516 2624 632 2666 nomen
651 2601 758 2666 tulerit
778 2602 873 2666 frater
889 2600 937 2667 vel
958 2603 1166 2668 consobrinus
1178 2599 1309 2665 Eusebii
1327 2601 1376 2685 (ὅ)

392 2817 426 2880 (ι)
445 2817 593 2882 Pamphilus
607 2852 614 2878 ,
627 2817 765 2882 praesbyter
776 2817 949 2877 Caesarieusis,
960 2817 1095 2881 studioque
1106 2816 1313 2874 addictissimus,
1327 2815 1380 2864 ccl-

360 2897 433 2946 lectis
446 2895 580 2946 doctorum
595 2895 791 2960 quamplurimis
802 2896 873 2951 libris
886 2897 1069 2950 bibliothecam
1079 2897 1106 2948 in
1116 2897 1245 2949 veteribus
1254 2896 1381 2960 tempori-

360 2979 406 3026 bus
423 2977 597 3042 perillustrsm
624 2984 804 3042 composuerat
825 2979 1000 3044 :martyrium
1025 2993 1158 3044 perpessus
1183 2979 1252 3027 inter
1276 2975 1384 3056 Sanctus

359 3065 515 3106 numeratur.

393 3136 427 3200 (a)
446 3135 537 3200 Agitur
553 3135 586 3186 de
596 3136 709 3186 Caesarea
727 3137 878 3198 Palestinae,
905 3153 960 3202 qua
978 3137 1047 3202 prius
1059 3135 1136 3184 turris
1155 3133 1280 3183 Stratonis
1291 3133 1381 3198 appel-

359 3215 470 3266 labatur.
491 3216 559 3266 Hinc
577 3219 667 3282 sapitis
680 3217 804 3268 Eusebius
824 3217 856 3268 ab
875 3217 1032 3284 Hieronymo
1049 3226 1155 3266 vocatur
1169 3215 1335 3274 Palestinus,
1351 3223 1382 3262 ut

359 3297 457 3347 facilius
473 3297 506 3346 ab
522 3298 634 3350 Eusebio
651 3299 770 3348 caesares
788 3301 815 3348 in
830 3298 994 3364 Cappadocis
1016 3297 1106 3362 oppidi
1123 3297 1244 3362 episcopo
1266 3294 1382 3344 discerni

360 3380 447 3443 possit.
577 3373 581 3388 '
1327 3425 1330 3432 ,

393 3460 426 3524 (5)
433 3459 557 3508 Eusebius
565 3447 768 3510 Nicomediensis
783 3459 880 3509 Arianae
893 3475 973 3509 causae
983 3460 1059 3508 nimis
1066 3457 1194 3520 addictus,
1203 3455 1324 3525 symbolo
1336 3455 1358 3504 N
1361 3458 1382 3504 i-

360 3555 428 3589 caeno
446 3547 533 3589 tamen
546 3540 697 3606 subscripsit
708 3575 716 3600 ,
726 3539 771 3588 sed
783 3540 850 3589 mala
862 3539 930 3600 fids,
944 3549 972 3588 ut
984 3547 1077 3589 eventu
1089 3545 1252 3602 compertum
1264 3546 1315 3586 est.
1326 3536 1380 3588 De-

359 3621 457 3684 positus
466 3629 492 3670 et
503 3623 530 3670 in
541 3621 646 3672 exilium
658 3623 760 3685 missus,
771 3638 820 3672 nec
831 3623 866 3670 its
875 3621 956 3673 multo
968 3629 1025 3688 post
1034 3628 1178 3682 resocatus,
1189 3621 1216 3668 in
1229 3618 1256 3669 S.
1265 3611 1385 3668 Athana·

360 3705 425 3752 sium
438 3705 523 3751 rursus
534 3701 706 3751 debacchatus
720 3711 773 3764 est,
785 3712 811 3751 et
824 3701 1076 3765 Constantinopolim
1087 3701 1224 3749 translatus
1240 3716 1301 3748 cum
1314 3699 1384 3747 benis

360 3789 450 3837 merito
464 3787 549 3836 Ariani
567 3789 671 3838 nominc
684 3787 802 3852 migrarit
818 3787 850 3836 ad
869 3787 1025 3846 Dominum,
1049 3787 1090 3837 cui
1102 3787 1153 3834 sino
1167 3783 1216 3850 fido
1226 3785 1319 3852 placeris
1333 3783 1384 3829 irn-

359 3868 459 3934 porsiblo
471 3876 516 3918 ost.
