2960 4592
424 396 428 403 ’
534 368 539 372 ’
589 356 724 444 (5⁰¹)

139 491 254 576 ,verbis
268 492 429 584 eleganter
444 491 615 586 appositis,
634 505 666 562 et
682 492 766 560 inter
781 512 816 558 se
832 489 881 558 vel
897 487 1103 567 consociatis,
1121 485 1172 554 rel

147 601 363 689 pugnantibus
371 591 439 681 ,tu
456 611 565 666 tamen
579 612 614 665 ut
629 599 662 668 in
676 597 858 690 jucundum
872 595 1044 687 quemdam
1056 617 1171 664 sonum

143 685 280 794 'semper
290 717 322 771 et
338 705 456 794 ubique
473 703 639 782 desinant,
656 727 748 770 aures
763 701 962 773 audientium
976 701 1056 768 mint
1068 697 1171 766 delec-

134 811 267 886 tatione
280 797 450 882 demulcet.
472 809 602 878 Parcior
613 811 745 880 forsitan
756 811 789 878 in
801 807 984 878 evolvendis
995 807 1171 876 moralibus

146 905 330 1006 principiis,
347 916 403 982 sed
424 917 457 984 in
477 917 645 1007 cogitando
667 929 773 1004 rectus
788 967 797 994 ,
814 917 847 982 in
865 914 1013 984 docendo
1032 914 1170 982 veritatis

147 1032 260 1095 tenax,
273 1019 306 1084 in
321 1013 475 1086 serrandb
490 1019 639 1088 Ecclesiae
652 1018 817 1110 disciplina
829 1018 1026 1112 intrepidus,
1042 1015 1170 1108 qualem

147 1117 322 1190 obtinuerit
342 1124 429 1214 apud
451 1136 572 1191 veteres
593 1125 814 1192 auctoritatem
832 1135 920 1214 patet
937 1148 976 1191 ex
993 1123 1170 1214 Episcopo-

144 1255 238 1308 rum,
268 1253 471 1298 summorum
492 1227 711 1310 Pontificum,
732 1232 938 1322 ipsorumque
960 1229 1170 1299 conciliorum

144 1329 344 1408 testimoniis.
365 1363 379 1396 ι
399 1335 498 1416 Quis,
513 1335 577 1413 ait,
597 1319 768 1404 Facundus
787 1337 1024 1404 Hermionensis
1045 1337 1169 1426 episco-

145 1468 159 1502 ι
192 1465 269 1532 pus,
290 1442 385 1534 hujus
401 1441 536 1511 Romani
553 1443 700 1512 antistitis
711 1443 899 1535 gravitatem
913 1465 978 1510 non
992 1443 1168 1534 praedioetl

144 1573 158 1611 s
193 1547 274 1628 Quis
296 1562 419 1616 tantam
438 1550 650 1644 constantiam
665 1573 732 1616 non
747 1549 912 1616 honoret?
930 1549 1058 1617 lllovcre
1080 1549 1168 1618 hunc

143 1681 157 1717 s
187 1667 293 1744 posset
309 1651 373 1722 ullo
394 1655 491 1721 modo
506 1649 657 1722 secularis
673 1669 812 1746 potestas
827 1662 845 1722 a
861 1659 1015 1726 sententia
1032 1681 1097 1724 non
1114 1681 1168 1724 re-

142 1791 156 1825 »
189 1758 346 1830 tractandi
362 1781 431 1852 quae
454 1755 602 1830 divinitus
624 1764 751 1830 lucrant
769 1765 960 1840 constituta,
981 1789 1077 1857 quem
1094 1755 1168 1835 co‘r-

123 1855 155 1930 ἰ
187 1859 338 1958 penaliter
353 1867 425 1935 loco
438 1890 566 1936 morere
581 1891 646 1934 non
661 1869 806 1958 potuit».
826 1869 903 1958 (tit.
927 1893 978 1936 aa.
997 1893 1025 1936 c.
1046 1873 1094 1960 n.)

190 1973 372 2064 Simplicius
388 1974 466 2040 item
484 1972 591 2062 Papa:
615 1968 705 2038 «Leo
727 1974 770 2040 ita
793 1973 887 2064 plenb
909 1987 1005 2064 atque
1028 1973 1167 2043 dilucide

142 2108 155 2141 s
188 2091 425 2146 sacramentum
438 2077 612 2146 Dominicae
625 2076 856 2146 lucarnationis
868 2079 1034 2170 exposuit,
1051 2092 1086 2146 ut
1100 2101 1166 2146 non

142 2213 156 2247 s
188 2185 284 2250 modo
295 2182 492 2263 Catholicus,
506 2176 562 2250 sed
572 2207 613 2251 ne
623 2183 821 2252 Christianus
834 2185 1075 2275 quidemraleat
1087 2209 1167 2254 nun·

142 2315 155 2352 s
188 2285 318 2378 cupam,
336 2289 477 2379 quisquis
494 2286 560 2356 illlo
573 2311 637 2354 suae
648 2288 874 2393 redemptionis
890 2312 1000 2357 causas
1016 2315 1082 2386 non
1098 2291 1163 2358 evi·

140 2419 153 2458 a
186 2388 299 2482 denter
312 2407 497 2484 agnoscat.»
515 2395 643 2483 (Epist.
661 2396 706 2460 ad
721 2395 846 2460 Zenon.
861 2394 883 2462 1
884 2389 1004 2484 mper.)

186 2503 232 2570 ltt
253 2505 341 2592 priirs
363 2503 511 2572 Nicolaiis
526 2501 559 2570 l:
586 2503 651 2570 «In
674 2503 834 2592 Ephesino
850 2501 1017 2572 latrocinio
1040 2507 1164 2574 cunctis

139 2638 152 2672 ι
184 2595 393 2687 Praesulibus,
410 2621 442 2676 et
454 2609 528 2699 ipsis
545 2614 674 2700 quoque
688 2607 884 2676 Patriarchis
900 2603 1164 2700 prolabentibus,
1232 2613 1238 2625 '

139 2745 153 2778 a
183 2717 243 2784 uisi
255 2705 386 2804 Magnus
402 2713 486 2792 Leo,
503 2715 644 2781 imitator
664 2713 786 2805 scilicet
803 2713 907 2784 leonis
924 2714 1028 2794 illius,
1046 2715 1163 2806 dequo

137 2849 151 2884 s
183 2821 416 2910 scriptumest:
434 2809 642 2887 Viritteo'de
661 2820 752 2886 tribu
767 2819 880 2899 ludu,
902 2821 1053 2890 divinitus
1073 2823 1162 2890 exci-

136 2955 151 2990 t
183 2937 287 3004 tatus,
311 2949 346 2992 os
366 2926 539 3016 aperiens,
563 2937 667 3028 totum
691 2926 805 2994 orbem
831 2940 863 2993 et
890 2927 1052 3020 Augustos
1077 2932 1163 3020 ipsos
1249 2911 1252 2920 ⁴

137 3017 151 3096 ss
182 3043 386 3109 concuteret,
403 3044 435 3097 et
452 3031 492 3096 ad
509 3031 660 3121 pietatem
675 3045 913 3113 commoveret,
930 3034 1042 3126 religio
1058 3035 1163 3104 chris-

139 3165 153 3203 »
185 3139 269 3204 tiana
281 3139 408 3226 penitius
424 3137 628 3204 corruisset.»
652 3139 775 3232 (Epist.
792 3139 838 3205 od
849 3139 1002 3210 Micbaa‘l.
1018 3133 1159 3232 Impcr.)

171 3243 262 3308 unde
272 3243 419 3332 Episcopi
428 3240 510 3310 Galli
519 3235 560 3308 ad
569 3243 673 3332 ipsum
681 3243 822 3311 Leonem
830 3245 1025 3313 scribentes:
1045 3246 1160 3328 «Quis,

136 3371 151 3412 a
182 3348 353 3438 inquiunt,
380 3345 570 3438 apostolatui
597 3360 702 3416 vestro
725 3373 785 3440 pro
808 3349 871 3416 hoc
898 3363 987 3418 tanto
1006 3369 1159 3427 munere,

10 3527 15 3534 ‚
135 3479 150 3516 u
181 3451 400 3540 Epistolaead
418 3451 542 3528 ntae,
560 3474 623 3540 quo
649 3475 714 3517 non
736 3450 839 3518 soliim
863 3443 1005 3529 Gallias,
1034 3453 1090 3519 sed
1109 3465 1163 3518 to-

135 3583 149 3620 »
181 3550 412 3620 tummundum
420 3551 507 3620 velut
518 3550 708 3644 quibusdam
721 3555 954 3644 pretiosissimis
966 3557 1100 3646 gemmis
1111 3579 1160 3622 or·
1177 3608 1181 3616 .
1215 3629 1220 3644 .

135 3655 148 3726 l
179 3657 288 3738 navit,
305 3649 413 3748 dignas
427 3658 562 3726 aestimet
577 3660 692 3750 gratias
707 3644 802 3750 posse
816 3655 977 3748 persolvit
995 3659 1159 3726 Doctrinae

134 3757 149 3848 »f
178 3761 251 3858 post
264 3767 368 3834 Deum
383 3763 493 3831 vestrae
509 3757 610 3833 debet¹
620 3759 753 3858 quisque
774 3764 877 3832 fidelis
892 3817 901 3843 ,
919 3779 954 3831 ut
974 3779 1159 3835 constanter

134 3867 148 3938 ι’
178 3886 285 3942 teneat
310 3871 396 3962 quod
412 3869 581 3950 eredebat;
608 3873 704 3947 debe
720 3873 818 3942 etiam
834 3870 988 3954 infidelis,
1006 3862 1041 3940 ut
1059 3881 1158 3966 iper·
1213 3897 1215 3902 ’
