2990 4570
824 383 958 471 (196)
1069 426 1073 434 ·

383 529 505 596 tionem
531 522 766 603 inclinaretur,
793 527 1002 616 sedandaeque
1026 525 1128 592 turhae
1154 533 1249 593 causa
1279 522 1403 587 adesset
1475 533 1476 546 ¹

376 638 410 702 in
430 636 564 704 ecclesia
581 636 768 702 Ambrosius
778 643 894 725 'magne
908 659 983 702 cum
996 633 1178 724 eloquentia
1191 634 1319 698 animos
1336 629 1401 692 dis-

375 745 547 812 sidentium
560 743 765 820 demulcens,
790 744 897 810 audita
912 768 969 810 vox
982 745 1074 832 pueri
1093 742 1262 809 clamantis
1283 763 1291 804 :
1313 738 1398 803 Am·
1476 767 1477 774 ι

302 919 330 938 ·.
375 851 503 918 brasias
520 853 705 940 episeopus,·
724 873 819 939 quem
839 851 938 916 secuti
953 873 1081 926 omnes,
1102 837 1262 914 Catholici
1281 843 1400 933 pariter

375 943 1191 1031 athriani,Ambrosidmadhbccathecumenumin
1205 951 1395 1038 episcopum
1477 951 1478 970 ³

373 1053 599 1151 poposcerunt.
627 1059 734 1124 Mirari
754 1055 966 1133 Ambrosius,
988 1069 1145 1132 tremere,
1169 1055 1241 1144 fuga
1270 1053 1397 1141 impen-
1478 1050 1479 1110 l

374 1166 505 1232 dentem
531 1163 693 1230 declinare
720 1162 901 1235 honorem:
941 1175 1072 1250 peccata
1098 1161 1194 1228 etiam
1220 1157 1397 1234 simulare,

374 1272 490 1361 quibus
510 1271 589 1337 tanti
612 1271 753 1336 muneris
777 1269 925 1359 indignus
941 1270 1150 1359 judicaretur.
1176 1268 1241 1334 Sed
1261 1267 1395 1340 frustra;
1479 1294 1480 1340 t

374 1377 506 1465 jubente
533 1375 620 1442 enim
650 1375 719 1464 ipso
749 1374 941 1462 imperatore
966 1373 1191 1441 Valentiniano
1215 1372 1247 1447 l,
1276 1391 1399 1436 sacram
1467 1449 1472 1462 ἱ

374 1481 559 1546 unctionem
577 1493 653 1546 octo
665 1491 737 1568 post
754 1479 949 1600 baptismum
966 1479 1078 1545 diebus
1090 1479 1251 1568 suscipere
1269 1489 1399 1544 coactus

372 1596 439 1661 est,
459 1583 512 1649 die
526 1583 659 1674 septima
676 1583 855 1650 decembris
872 1607 946 1650 anm
938 1585 1048 1672 574,
1073 1581 1174 1648 aetatis
1191 1581 1322 1648 circiter
1339 1581 1397 1659 54,

372 1690 536 1758 exultante
549 1690 689 1785 populo,
707 1691 894 1780 cunctisque
913 1690 1055 1758 Orientis
1070 1689 1324 1778 Occidentisqne
1344 1711 1399 1778 ap-

330 1795 334 1802 ’
371 1795 581 1888 probantibus
602 1799 770 1888 episcopis.
1479 1785 1480 1794 ¹

417 1905 531 1972 Statim
546 1917 642 1992 atque
663 1916 870 1972 consecratus
885 1917 951 1980 est,
959 1901 1123 1970 Ecclesiae
1140 1901 1188 1969 vel
1204 1900 1400 1992 pauperibus

373 2011 538 2100 quodauri
550 2011 713 2100 argentive
729 2021 910 2098 supererat,
930 2011 1093 2100 erogavit,
1111 2011 1242 2098 ipsaque
1258 2007 1399 2096 praedia,

372 2115 485 2182 relicto
500 2114 692 2182 Marcellinae
708 2117 807 2181 sorori
826 2115 981 2181 reditibus
996 2115 1124 2180 fruendi
1139 2115 1231 2204 jure,
1248 2112 1401 2180 Ecclesia
1482 2137 1483 2150 ¹

374 2225 492 2290 iterum
504 2221 604 2288 voluit
617 2221 774 2288 dedicare.
789 2221 940 2312 Satyrum
953 2225 1103 2305 fratrem,
1117 2223 1170 2312 qui
1183 2221 1401 2287 Mediolanum

372 2327 528 2396 invisendi
538 2329 648 2395 'fratris
664 2329 765 2420 gratis
780 2329 974 2406 devenerat,
1000 2329 1114 2396 domds
1130 2318 1400 2395 administrationi

371 2433 529 2524 praesecit,
554 2435 743 2524 cunctisque
764 2433 994 2524 temporalibus
1017 2436 1102 2502 curis
1124 2434 1401 2524 expeditusexer-
1483 2419 1484 2440 ¹

372 2539 474 2606 cendo
490 2538 669 2606 ministerio
685 2563 750 2605 non
765 2541 881 2604 omnia
897 2527 1024 2605 tantum
1040 2541 1251 2628 impendere,
1273 2543 1330 2606 sed
1344 2566 1401 2608 su-

369 2644 626 2736 perimpendere
652 2646 814 2734 seipsam,
847 2641 916 2729 (II.
945 2643 1099 2709 Corinth.
1131 2669 1181 2710 re.
1214 2647 1281 2732 15.)
1312 2645 1401 2732 juxta
1483 2669 1484 2694 ³

373 2749 784 2840 apostolicamsententiam
794 2749 1136 2838 ,firmiterproposuit
1150 2749 1251 2839 Cujus
1269 2751 1400 2816 ordina·
1483 2817 1484 2820 ,

374 2853 468 2918 tronis
477 2852 593 2918 certior
603 2853 705 2916 factus
716 2851 850 2918 Basilius
870 2854 912 2917 ita
927 2865 1038 2919 saneto
1052 2853 1197 2942 pontifici
1212 2854 1399 2942 respondit:
1483 2885 1484 2892 ι

383 2957 620 3040 αΟιιίοΙίιιι,
612 2959 733 3046 inquit,
763 2955 1400 3070 (Deus)expastorihus0viumpopulo
1483 3037 1484 3044 ¹

259 3161 261 3164 Α
374 3100 387 3136 a
419 3090 476 3135 suo
500 3068 676 3158 principem
704 3057 869 3145 excitavit,
894 3083 926 3133 et
943 3067 1040 3135 Amos
1057 3070 1097 3136 de
1119 3095 1213 3162 grege
1229 3096 1402 3162 caprarum

374 3201 387 3232 ι
419 3185 582 3262 sumptum
606 3171 717 3262 spiritu
740 3197 797 3238 suo
820 3175 987 3253 instruxit,
1014 3201 1102 3242 nune
1125 3169 1228 3244 virum
1258 3205 1298 3246 ex
1321 3177 1401 3246 urbe

376 3308 388 3340 a
420 3281 526 3368 regia,
552 3281 603 3346 cui
624 3279 759 3344 totiusv
740 3280 841 3368 gentis
862 3283 1060 3372 principatus
1082 3283 1287 3350 concreditus
1311 3300 1399 3364 erat,

377 3413 389 3445 ι
420 3385 573 3474 sapientia
590 3381 779 3460 sublimem,
795 3386 919 3472 generis
937 3385 1101 3462 claritate,
1120 3389 1191 3454 vitm
1207 3386 1400 3478 splendore,

376 3520 389 3554 ι
421 3487 532 3554 orandi
546 3487 716 3562 facultate,
733 3496 766 3552 et
781 3489 877 3554 rebus
893 3490 1091 3556 secularibus
1107 3491 1263 3558 illustrem
1276 3493 1318 3568 ad
1334 3518 1404 3582 gre—

378 3623 390 3655 »
423 3617 499 3682 gum
517 3592 634 3657 Christi
651 3603 813 3680 pasturam
831 3595 926 3660 traxit
945 3618 952 3660 :
971 3595 1025 3682 qni
1050 3593 1201 3684 projectis
1217 3597 1315 3686 hujus
1331 3600 1402 3664 vitae

377 3727 390 3759 a
422 3699 535 3786 opibus
557 3695 729 3773 universis,
751 3716 874 3787 proque
891 3699 1008 3766 damno
1024 3699 1159 3778 habitis,
1186 3715 1219 3766 ut
1237 3701 1402 3770 Christum

349 3857 353 3869 .
378 3831 391 3864 s
422 3801 525 3868 lucris
538 3815 645 3878 caret,
664 3804 832 3868 commissa
851 3805 909 3869 sibi
927 3805 1031 3894 magni
1049 3829 1086 3870 ac
1100 3805 1245 3896 praeclari
1262 3809 1401 3896 navigii,

379 3940 392 3974 a
426 3827 576 3977 Eccleliae
593 3908 739 3976 videlicet
753 3907 832 3987 Dei,
851 3911 882 3977 in
899 3911 962 3977 fide
980 3910 1097 3978 Christi
1113 3913 1330 4001 gubernacula
1348 3937 1404 3979 ac-
