2990 4570
582 333 721 422 (2⁵³)

132 491 185 534 an.
205 467 271 550 405
297 469 494 546 damnatur,¹
525 471 716 562 deponitur,
736 473 926 566 expellitur
957 477 1042 545 laeto
1058 491 1165 543 autem
1272 471 1275 478 ’

130 575 315 642 vehementi
332 589 424 642 terrae
448 589 559 670 rnotu,
577 598 797 669 concussoque
816 581 958 671 palatio,
977 583 1165 668 tremefacta

132 680 278 746 Eudoxio
289 694 476 748 revocatum
488 681 579 750 brevi
595 683 862 775 Chrysostomum
877 689 909 754 in
921 689 1032 756 sedem
1043 689 1168 756 restitui

133 787 268 852 curavit.
728 847 732 854 .

178 892 401 960 concurrente
417 896 450 960 in
470 918 639 964 occursum
661 897 776 988 plebe,
793 921 946 966 accensos
961 901 1044 965 inter
1059 899 1165 976 lacos,

74 1078 79 1084 ῃ
113 1058 117 1064 .,
131 992 313 1093 Ῑωιίῑίῶᾳμθ
329 997 486 1066 clamores
502 1002 730 1090 triumphantis
743 1028 833 1070 more
849 1005 963 1085 urbem
974 1006 1118 1095 ingredi,
1135 1018 1169 1072 et

133 1105 346 1195 episcopalem
363 1107 554 1198 cathedram
575 1101 749 1176 ascendere
765 1111 901 1200 cogitur.
920 1109 1013 1179 Tunc
1030 1114 1109 1178 duas
1127 1113 1168 1179 ad

134 1211 292 1302 populum
307 1212 456 1310 homilias
470 1214 604 1292 babuit,
621 1239 757 1305 quarum
775 1217 808 1282 in
829 1218 938 1307 priore
956 1217 1075 1308 populo
1095 1241 1170 1285 oon·

136 1317 330 1408 gratulatur,
343 1319 431 1408 qubd
442 1343 508 1388 non
517 1322 730 1400 obstantibus,
739 1325 792 1412 qni
801 1336 879 1391 tunc
889 1325 1080 1416 agebantur,
1087 1324 1171 1392 ludis

140 1423 359 1500 circensibus,
373 1447 486 1491 omnes
497 1427 536 1489 in
546 1428 730 1505 ecclesiam,
744 1443 984 1511 conterrentes,
998 1427 1170 1519 conflacce-

136 1532 229 1606 ra'nt,
247 1531 279 1595 in
290 1530 467 1619 posteriore
475 1537 550 1596 verb
564 1534 761 1598 convertitur
772 1535 805 1599 in
819 1531 930 1602 laudes
945 1535 1097 1601 Eudoxiae
1107 1533 1172 1601 Au-

138 1644 264 1722 gustae,
290 1657 413 1722 quam,
438 1633 479 1699 ad
504 1635 879 1726 sedandosexasperatae
902 1637 1005 1728 plebis
1027 1641 1172 1717 animos,

142 1739 301 1804 encomiis
316 1733 470 1806 celebrat.
578 1743 581 1748 ’

192 1845 259 1920 Sed
282 1869 346 1913 non
371 1834 521 1914 dibturni
539 1847 657 1914 Joauni
677 1849 906 1939 tranquillitate
918 1850 980 1916 srui
996 1850 1101 1925 licuit;
1123 1852 1175 1916 vix

30 1954 35 1956 ’
138 1953 231 2018 enim'
245 1951 308 2018 duo
324 1959 342 2018 a
359 1954 466 2020 reditu
479 1977 604 2020 menses
620 1955 885 2031 intercesserant,
903 1960 978 2020 ciam
990 1979 1040 2020 res
1055 1957 1172 2022 iterum
1191 1947 1226 2005 s

138 2059 344 2124 innovantur.
358 2059 568 2125 Ercottenim
580 2059 668 2147 juxta
678 2057 848 2127 ecclesiam
863 2072 980 2126 sanctae
990 2059 1117 2149 Sophiae
1127 2084 1175 2126 ar-

138 2168 252 2252 gentei
264 2162 414 2230 Eudoxias
427 2163 579 2252 Augustae
595 2169 720 2239 statui,
734 2187 793 2253 pro
809 2177 941 2255 recepto
960 2189 1050 2232 more
1069 2188 1176 2254 popu-

139 2269 317 2342 lares‚ludi
342 2270 495 2338 celebrati
528 2285 628 2348 sunt,
655 2295 794 2360 quorum
819 2295 884 2338 non
914 2271 1018 2340 solnm
1046 2271 1174 2340 licentii

101 2371 111 2380 ⁸
141 2375 309 2442 christiani
336 2399 440 2442 mores
463 2375 681 2453 laedebantur,
704 2369 759 2442 sed
782 2377 924 2442 tumultu
947 2379 1045 2444 etiam
1069 2377 1175 2442 divina

143 2481 447 2552 interturbabantur
467 2483 629 2572 mysteria.
658 2483 759 2571 Cujus
783 2483 913 2572 quidem
936 2484 1046 2573 flagitii
1070 2484 1176 2572 impa-

141 2589 228 2660 tiens
246 2587 510 2675 Chrysostomus,
525 2588 657 2676 pristina
670 2585 821 2677 loquendi
831 2587 985 2654 libertate
997 2589 1055 2652 bos
1064 2611 1178 2653 omnes

144 2696 200 2784 qui
224 2695 382 2784 ejusmodi
404 2693 496 2760 ludos
522 2683 750 2784 relegebant,
775 2694 826 2760 vel
850 2695 1096 2784 praecipiebant,
1128 2691 1179 2761 vel

144 2799 367 2877 intuebantur,
385 2801 593 2866 vehementer
615 2801 788 2877 insectatus
807 2813 864 2866 est.
885 2800 1029 2887 Eudoxia
1051 2806 1127 2866 verb
1144 2799 1177 2865 id
1263 2839 1264 2844 κ

144 2908 179 2972 in
216 2905 447 2985 contumeliam
476 2915 524 2970 sut
551 2905 673 2972 dietum
706 2918 877 2996 reputans,
916 2911 1025 2970 rursirs
1048 2903 1181 2970 loannis

85 3036 88 3041 ·
146 3011 328 3101 perniciem
357 3010 566 3086 machinata,
594 3010 753 3098 synodum
780 3012 1005 3101 episcoporum
1029 3009 1180 3076 adversbs

146 3118 243 3184 illum
261 3117 448 3206 congregari
465 3117 598 3182 curavit.
624 3115 760 3182 Stabant
780 3129 890 3182 contra
914 3117 1179 3206 Chrysostomum

147 3222 280 3312 plurimi
292 3247 332 3288 ex
343 3220 567 3311 Cappadocid,
582 3220 720 3310 Phrygia
730 3271 739 3298 ,
750 3221 852 3288 Ponto
869 3235 900 3287 et
911 3223 1001 3311 Syrie
1015 3224 1175 3313 episcopia

150 3354 210 3420 pro
227 3329 464 3418 ¹Chrysostomo
480 3340 587 3394 autem
605 3327 813 3418 quadraginta
836 3329 901 3394 duo
923 3330 1111 3420 pontifices,
1131 3343 1182 3394 to-

148 3434 444 3524 tusquepopuluS,
462 3435 516 3524 qui
533 3442 645 3524 magna
663 3459 738 3500 oum
760 3433 923 3501 alacritate
940 3437 1009 3523 ejus
1033 3435 1178 3506 doctrina

144 3545 325 3610 fruebatur.
349 3542 457 3610 Alteri
482 3541 691 3618 nihilominbs
713 3542 782 3608 vice
798 3547 815 3626 a
833 3542 910 3608 sede
926 3542 1039 3606 beatus
1064 3541 1179 3606 doctor
1296 3559 1297 3564 ’

147 3649 337 3740 expellitur,
365 3649 420 3736 qui
447 3655 465 3712 b
488 3649 613 3738 synodo
635 3648 816 3722 damnatus,
833 3660 866 3712 et
888 3647 1051 3737 depositus
1069 3647 1177 3712 sedem

148 3782 261 3836 suam,
280 3757 434 3823 sinenovi
457 3755 583 3844 concilii
604 3755 735 3824 decreto
751 3767 899 3844 repetere
914 3755 1179 3846 praesumpsisset.
