2956 4586
569 413 681 502 (57)

100 554 195 616 sechs
211 572 250 617 nc
267 548 335 616 aliae
351 549 518 638 continuis
528 551 672 618 emicant
688 551 808 624 amoris
824 550 921 618 divini
938 548 1028 639 qnasi
1049 547 1137 620 scin,-

102 639 286 720 tillantibus
313 653 418 722 radiis.
455 651 592 722 Romam
616 654 755 744 denique
777 655 930 744 vigesima
957 653 1137 722 decembris

105 759 161 825 die
182 761 324 850 ejusdem
346 761 498 850 anni107
519 760 669 838 devenit,
690 761 863 850 statimqne
878 760 920 826 ad
940 759 1139 850 amphithea-

105 877 195 962 trum
209 865 365 933 deductus
381 878 450 942 est,
469 866 524 934 ubi
543 872 560 932 h
577 865 707 932 duobus
722 867 765 932 ita
789 865 960 932 devoratus
974 877 1023 932 est
1038 863 1139 933 leoni·

106 971 187 1048 bus,
200 985 239 1044 ,nt
254 972 384 1038 duriora
395 977 524 1040 tantiam
539 995 610 1038 ossa
625 972 773 1060 quaedam
787 984 993 1040 remanerent
1008 1022 1017 1048 ‚
1034 976 1137 1058 quaed

106 1063 254 1144 fidelibus
270 1091 424 1167 excepta,
441 1091 473 1145 et
487 1077 669 1146 honorifice
682 1090 864 1155 asservata.
879 1077 1058 1146 Antiochia·
1073 1076 1139 1144 suis

106 1183 214 1250 adhhe
247 1184 448 1274 temporibus
484 1183 599 1249 devote
634 1183 816 1249 veneranda
848 1182 1044 1274 praedicabat
1073 1183 1140 1272 ipse

105 1289 371 1380 chrysostomus.
398 1291 410 1377 (
430 1287 559 1356 Hamil.
575 1290 615 1354 in
628 1285 765 1382 Igrmt.)
790 1287 884 1358 Nunc
903 1301 1010 1358 autem
1029 1287 1140 1356 Romae

106 1395 307 1464 colunturin
324 1396 468 1466 Ecclesia
480 1395 513 1463 S.
532 1395 724 1472 Clementis,
738 1419 828 1487 papae
840 1396 1045 1485 etmartyris.
1062 1395 1140 1486 Ejus

109 1504 295 1584 encomium
308 1503 557 1594 chrysostomus
569 1501 758 1582 celebravit,
771 1504 804 1570 iu
821 1526 885 1592 quo
901 1503 964 1572 hoe
979 1503 1141 1594 praecipue

16 1693 20 1700 ¹
109 1609 427 1678 notandum:«Cum
444 1609 1055 1701 Apostolis,inquit,strenueversatus
1070 1621 1136 1688 est,
1193 1595 1196 1602 ⁴

113 1743 126 1778 s
157 1727 190 1780 et
214 1715 337 1782 fluenta·
352 1715 459 1782 hausit
474 1704 661 1808 spiritualia.
690 1714 829 1796 Qualem
854 1717 952 1806 igitur
969 1739 1045 1784 eum
1071 1737 1141 1782 esse

113 1847 126 1898 o
143 1819 309 1908 perluit,
324 1823 378 1910 qui
393 1843 469 1888 cnm
485 1820 547 1886 illis
560 1819 717 1888 educatus
732 1831 799 1896 est,
815 1831 848 1886 et
863 1819 982 1908 ubique
997 1821 1092 1901 vixit,
1109 1832 1142 1886 et

114 1954 127 1987 a
158 1925 302 1992 omnium
319 1950 387 2015 quae
409 1927 447 1992 ab
465 1923 526 1992 illis
543 1925 592 1994 vel
608 1927 714 2004 dicta,
732 1925 782 1994 vel
798 1949 864 1993 nou
880 1925 966 1994 dicta
979 1939 1054 1994 sunt
1065 1947 1133 2016 par·

113 2060 126 2094 a
156 2033 257 2122 ticeps
281 2033 359 2108 snit,
378 2046 410 2098 et
436 2045 527 2098 tanto
541 2033 724 2128 principatu
741 2031 854 2128 diguus
869 2032 910 2098 ab
931 2032 1012 2122 'ipsis
1028 2045 1077 2120 ¹est
1088 2033 1139 2122 jn·

111 2168 136 2212 a,
154 2140 301 2229 dicatus?
318 2141 406 2222 Quid
429 2141 527 2232 igitur
541 2141 684 2232 primum
702 2140 956 2232 persequemur?
968 2135 1142 2230 Apostolo-

113 2275 126 2307 s
156 2263 228 2312 rum
241 2247 422 2314 doctrinam
433 2271 530 2336 quam
543 2249 577 2314 in
589 2247 739 2314 omnibus
751 2247 915 2338 exhibuit,
925 2271 966 2314 an
977 2246 1143 2338 praesentis

115 2378 127 2412 a
157 2350 231 2415 vitae
247 2363 469 2441 contemptum
485 2403 495 2429 ,
513 2377 553 2417 an
571 2353 697 2418 virtutis
716 2353 935 2454 praestantiam
951 2356 1013 2440 quei
1025 2351 1145 2452 ¹liccle-
1241 2391 1246 2396 -

111 2461 128 2518 b
158 2457 239 2522 siam
272 2457 534 2540 administravit?
552 2460 657 2540 Quem
687 2459 919 2529 laudabimus?
941 2458 1142 2546 Martyreml

113 2595 127 2630 ι
158 2567 379 2656 Episcopum?
394 2592 434 2634 an
461 2553 672 2666 Apostolum?
694 2559 867 2668 Triplieem
887 2567 1144 2648 enimcoronam

113 2702 125 2735 a
157 2673 258 2763 gratia
278 2673 417 2764 Spiriths
434 2676 616 2753 contexuit,
633 2681 697 2764 qua
713 2679 859 2744 sanctum
873 2671 956 2741 illins
975 2685 1070 2766 caput
1091 2694 1145 2738 re-

113 2809 126 2844 »
159 2781 302 2859 dimivit,
320 2781 386 2846 imb
406 2789 481 2848 verb
504 2781 716 2872 multiplicem
795 2805 835 2850 ex
860 2781 1057 2870 praelecturae
1077 2802 1143 2846 am·

113 2917 126 2951 r
156 2885 334 2976 plitudine,
348 2911 387 2952 ex
395 2887 613 2954 ordinantium
626 2871 801 2976 dignitate,¹
814 2910 853 2952 ex
866 2885 1051 2954 difficultate
1063 2895 1141 2950 tem-

113 3022 126 3054 s
157 3015 294 3080 porum,
312 3016 352 3058 ex
370 2993 506 3082 civitatis
522 2992 765 3082 magnitudine,
783 3017 822 3059 ex
838 2993 954 3059 virtute
969 2989 1073 3066 illius,
1090 2989 1144 3078 qui

20 3135 23 3142 ι
114 3127 126 3160 r
158 3090 187 3162 ei
202 3095 334 3166 tradidit
349 3099 585 3187 praefecturam.
602 3125 615 3160 n
639 3095 760 3187 (ltin.)
780 3099 821 3162 Et
836 3097 974 3164 iterum:
999 3095 1058 3162 «Si
1074 3097 1145 3185 quis

101 3203 126 3268 ‘a
158 3211 177 3270 ὸ
192 3205 409 3274 fundamentis
424 3229 578 3296 magnum
593 3187 733 3294 lapidem
743 3217 853 3282 eruat,
864 3203 1001 3274 alterum
1013 3203 1145 3270 omninb

113 3339 126 3374 a
156 3301 270 3399 parem
285 3311 318 3378 in
339 3313 410 3400 ejus
435 3311 508 3378 loco
531 3322 666 3377 conatur
688 3312 907 3388 constituere,
923 3312 983 3378 nisi
1003 3310 1078 3379 velit
1093 3322 1146 3378 to-

114 3445 127 3478 »
159 3428 229 3480 tum
245 3405 418 3487 aedilicium
436 3427 632 3496 concutere,
647 3440 684 3484 nc
697 3417 835 3488 debilius
846 3416 1057 3484 redderemus
1071 3421 1147 3484 chm
1212 3439 1218 3446 ·

114 3549 127 3586 a
160 3519 273 3586 Petrus
290 3520 462 3589 Antiochia
487 3534 570 3588 esset
585 3507 804 3600 discessurus}
829 3521 965 3588 alterum
981 3523 1076 3588 Petro
1093 3545 1147 3610 pa-

113 3653 127 3686 o
159 3649 228 3690 rem
247 3641 482 3716 praeceptorem
498 3628 600 3718 gratia
616 3628 745 3718 spiriths
759 3628 923 3694 substituit
940 3679 949 3705 ‚
967 3651 1008 3694 ne
1024 3639 1144 3694 structa

114 3758 127 3791 a
161 3731 228 3819 jam
242 3731 412 3799 aedificatio
425 3735 619 3802 successoris
632 3733 853 3800 imbecillitate
869 3732 1004 3799 debilior
1015 3731 1136 3798 fieret.»

113 3835 234 3922 (Ibid.
254 3838 266 3927 )
285 3839 340 3906 sio
359 3839 497 3930 denique
520 3839 611 3907 illum
635 3863 709 3909 cum
739 3839 806 3907 sole
825 3841 1057 3907 conserendum
1079 3838 1146 3906 ele-

1 4030 2 4036 *
113 3953 229 4025 gauter
244 3945 372 4010 asserit:
396 3973 408 4006 r
421 3943 476 4012 Sol
489 3951 506 4012 ὸ
519 3945 740 4034 superioribus
752 3945 895 4036 partibus
915 3944 1065 4012 currebat
1074 3967 1145 4011 sen·
