2960 4592
316 413 318 420 ·
601 376 615 464 l
637 373 696 454 541
724 375 738 463 l

161 503 312 595 Officii&
305 507 384 576 ·.⁰d
399 481 567 579 nonnulle
584 507 765 598 Eptitteloes
790 507 997 598 7“ᾱιιυὶ(μὸ
1021 505 1189 600 opusne

161 615 311 704 quedam
328 616 485 686 Moralia.

64 727 75 746 ⁸
205 717 392 842 Optandum
409 721 539 810 quidem
555 721 654 800 soret,
671 734 707 787 ut
722 720 857 788 assidue
873 721 1003 789 lectioni
1020 683 1190 789 sublimius

160 825 345 892 accessisset
360 827 543 917 ingenium
563 827 768 917 simplicitate
791 828 910 905 dictio,
929 852 995 894 uon
1008 828 1191 918 eloquentia

161 933 415 1000 commendatur.
433 933 469 1001 ln
483 933 652 1002 afferendis
663 937 801 1026 propriis
818 938 1065 1026 cogitationibus
1078 938 1192 1027 saepiits

163 1061 284 1116 errans,
297 1039 330 1105 in
346 1038 523 1130 deligendis
535 1038 646 1112 alienis
659 1049 778 1132 portam
794 1043 894 1109 solers
905 1093 915 1121 ‚
928 1067 979 1110 res
995 1043 1192 1110 transeundo

163 1147 267 1235 potius
294 1147 455 1228 delibare,
481 1156 577 1240 quam
595 1147 818 1218 incumbendo
837 1151 1005 1219 exhaurire
1037 1151 1193 1220 dicendus

135 1263 220 1316 'est
256 1251 304 1320 Ite
327 1252 555 1333 nihilominlrs,
588 1253 641 1321 illu
672 1261 734 1344 qus
760 1255 887 1324 vivebat
914 1268 1029 1334 aetate,
1061 1256 1193 1323 scientia

162 1359 311 1438 emicuit,
329 1373 366 1427 ut
384 1369 538 1450 tanqutm
561 1363 729 1431 oraculum
744 1363 920 1430 baberetur
936 1377 968 1429 et
983 1364 1191 1454 prodigium,

158 1465 535 1554 maximisque'lau'dibus
553 1474 571 1536 b
588 1468 727 1536 concilio
744 1463 902 1535 Toletano
926 1465 1025 1546 Vttl,
1039 1468 1085 1534 sic
1101 1491 1193 1534 orua-

158 1584 276 1642 aetam
300 1573 435 1642 «Nostri
452 1581 582 1664 quoque
596 1573 698 1644 seculi
722 1577 837 1644 doctor
856 1573 1001 1668 egregius
1024 1573 1193 1653 isidorus,

52 1771 54 1774 Ι
159 1708 173 1746 ι
205 1679 357 1749 Ecclesiae
378 1679 553 1750 Catholicae
572 1683 779 1753 novissimum
793 1681 913 1761 decus,
937 1682 1194 1773 precedentibus

158 1814 176 1853 ο
205 1798 298 1854 etate
312 1801 515 1877 postremus,
533 1789 687 1858 doctrine
703 1791 944 1878 comparatione
959 1813 1025 1858 non
1039 1789 1191 1868 infimus,
1251 1788 1253 1800 '

159 1923 175 1962 ι
201 1906 263 1970 et,
287 1894 374 1982 quod
397 1895 502 1985 majus
519 1908 591 1972 est,
615 1898 649 1970 in
673 1896 858 1966 seculorum
879 1896 946 1964 line
969 1894 1192 1976 doctissimus,

159 2031 177 2062 a
206 2014 304 2092 atque
329 2025 404 2075 cum
434 2006 612 2074 reverentie
638 2005 898 2074 nominandus.»
928 2003 1058 2071 Braulio
1087 2017 1196 2072 autem

160 2103 463 2198 Caesaraugustanus
477 2113 654 2203 Episcopus
668 2137 676 2180 ι
698 2139 710 2175 α
726 2113 886 2190 Isidorus,
899 2112 1005 2202 inquit
1019 2163 1028 2190 ,
1044 2113 1090 2178 rir
1102 2135 1194 2203 egre·

159 2241 175 2278 s
200 2213 285 2302 gius,
295 2215 490 2307 Hispalensis
502 2221 692 2311 Episcopus,
707 2219 846 2290 Leandri
859 2219 1010 2311 Episcopi
1025 2241 1193 2306 successor

162 2347 177 2384 s
205 2331 236 2384 et
250 2319 448 2408 germanus]
453 2370 535 2390 ......
548 2327 622 2402 ,vir
639 2325 673 2392 iu
687 2327 776 2392 omni
790 2323 963 2393 locutionis
981 2345 1099 2414 genere
1123 2324 1193 2390 sor-

74 2481 82 2496 .
162 2435 331 2504 matus,
348 2439 384 2494 ut
398 2428 546 2519 tmperrto
559 2430 729 2520 doctoque
731 2431 911 2497 secundum
928 2429 1117 2518 qualitatem
1129 2453 1194 2496 ser
1313 2435 1316 2442 “

60 2569 66 2584 ·
161 2561 178 2604 r
207 2557 311 2600 moms
322 2536 473 2604 existeret
485 2550 599 2632 aptus
618 2545 760 2629 congrue
772 2543 850 2605 verb
861 2537 1104 2628 opportunitate
1116 2535 1191 2615 loct

159 2639 446 2731 »incomparabili
462 2644 645 2736 eloquentiis
658 2645 778 2713 clarus.
799 2637 881 2710 Jam
891 2649 967 2710 verb
982 2648 1123 2732 quantus
1137 2667 1191 2710 sa

159 2775 173 2812 ι
205 2749 325 2837 pleutid
339 2750 438 2816 luerit
452 2755 576 2842 exejus
593 2755 725 2821 diversis
742 2752 855 2820 studiis
866 2764 899 2818 et
911 2751 1082 2819 elaboratis
1098 2777 1193 2842 opus-

160 2882 173 2918 ι
201 2853 286 2921 estiis
299 2855 452 2944 perfacile
466 2859 609 2947 prudeus
625 2859 728 2927 lector
741 2858 922 2948 intelligere
937 2859 1056 2948 poterit
1059 2907 1170 2928 ........
1184 2913 1193 2940 ,

159 2989 174 3023 ι
204 2961 281 3040 Quo
296 2967 372 3028 verb
383 2961 517 3030 lbtmiue
529 2962 733 3054 eloquentie,
747 2978 779 3031 et
789 2977 869 3055 quot
884 2964 999 3055 jaculis
1010 2963 1193 3034 divinarum

164 3095 177 3132 ι
205 3066 447 3157 seripturarum
473 3091 531 3136 seu
554 3069 687 3141 Petrum
712 3072 903 3141 testimoniis
928 3069 1191 3170 deepbalitarum

161 3173 354 3242 baeresim
368 3175 554 3244 confoderit
566 3178 757 3269 ‚synodalia
778 3191 866 3270 gesta
887 3203 997 3248 coram
1013 3203 1052 3246 eo
1070 3179 1195 3270 Hispali

161 3309 195 3451 ἓ
204 3279 461 3478 nctddsplatu'nt
453 3285 1188 3404 (prenaetttr.1stctcraat.caesaaaug3

101 3435 102 3438 ,
192 3409 305 3475 ptseop
760 3428 762 3436 ,

490 3625 659 3670 nntrtotttts
680 3623 862 3670 'PRAEE'IEEAE-
967 3685 969 3692 Ι

94 3829 98 3837 ’
209 3806 430 3924 luter‘omnes
450 3819 484 3888 S.
507 3820 619 3889 Isidori
643 3823 817 3900 editiones,
842 3821 895 3888 illa
916 3823 1058 3912 primum
1081 3787 1191 3886 locum

165 3941 322 4022 occupat,
340 3953 411 4022 quae
429 3953 513 4000 enno
539 3931 642 4013 1601,
660 3943 794 4003 curante
816 3931 855 4002 Ι).
883 3929 1068 4010 Dutreuit,
1087 3927 1193 3996 Bene-
