2940 4570
830 323 975 414 (¹4⁶)

285 507 289 528 ι
329 475 332 479 ’
385 459 522 547 latisque
533 459 609 525 hinc
627 471 659 526 et
676 457 910 526 indotatam
902 473 986 528 mter
1001 473 1032 526 et
1046 461 1241 528 Eusebianos
1258 449 1411 548 epistolis,

385 568 474 633 anxia
496 579 528 633 et
552 541 712 632 ssuctuahs
732 581 914 655 perseverat
935 557 1099 636 Athanasii
1122 591 1218 634 causa
1247 568 1349 654 usque
1376 565 1412 628 ad

385 671 559 742 concilium
576 671 768 738 sardicense
784 671 825 738 ab
841 673 1089 762 imperatoribus
1105 696 1156 738 an.
1177 674 1240 760 547
1259 692 1412 738 convoca-

385 793 465 844 tum.
479 778 623 854 Aderant
635 776 733 842 simul
747 777 927 844 Orientales
945 777 1233 868 Occidentalesque
1248 775 1409 866 episcopis

385 884 521 949 sednon
541 905 604 949 una
622 907 714 949 mens
730 883 896 956 omnibus3
917 885 1127 952 Athanasium
1140 883 1324 950 Orientales
1343 895 1411 945 tan

384 995 477 1078 qubus
495 1011 585 1052 reum
604 981 736 1062 adesse,
762 971 986 1054 Occidentales
1008 991 1084 1054 verb
1108 971 1262 1076 tanquhrn
1286 986 1410 1074 episco

383 1117 507 1189 pum
485 1075 597 1182 sedere
614 1089 717 1156 voleh·
712 1104 776 1155 ant
802 1085 885 1174 Hinc
903 1091 1094 1157 scinduntur
1117 1091 1282 1182 episcopi,
1321 1087 1409 1154 Osius

378 1223 458 1304 cusp
473 1171 733 1296 (incidentalibus
747 1187 887 1268 Sardicae
901 1200 1119 1289 congregatis,
1140 1197 1289 1266 absoluto
1311 1197 1409 1264 Atha·

377 1285 492 1400 nasio,
495 1306 580 1410 ejus
566 1279 1218 1394 aadversariosanhthematepercellunt3
1210 1299 1409 1369 ·0rientales

381 1421 457 1514 verb
470 1435 551 1510 cum
559 1409 696 1508 Eusebio
706 1386 1031 1474 Nicomediensibus
1048 1395 1163 1476 Osirim
1180 1409 1295 1484 modo,
1315 1407 1371 1474 sed
1382 1418 1409 1470 et

381 1506 485 1609 ipsum
497 1481 618 1581 Juliuni
634 1520 651 1580 h
655 1500 895 1594 communione
909 1509 1028 1579 alienos
1044 1507 1220 1579 declarant.

289 1707 297 1715 „
392 1621 586 1722 ΒιιΙιιιιιιΙο
609 1633 719 1718 autem
740 1627 824 1706 anno
843 1621 906 1700 tta
929 1619 1105 1710 Gregorio,
1130 1619 1293 1703 mediante
1310 1617 1409 1683 Cons-

381 1693 492 1803 lanto,
512 1734 529 1792 h
552 1725 740 1800 Constantio
765 1737 953 1816 revocatur,
978 1736 1010 1792 ct
1033 1724 1109 1790 ab'
1100 1724 1176 1815 ipsis
1192 1721 1410 1788 infensissimis

379 1818 526 1902 hostibus
550 1833 679 1928 llrsacio
695 1845 728 1898 ct
744 1806 879 1922 Valente
897 1843 1065 1920 susceptus
1081 1827 1318 1920 aliquantulam
1340 1841 1409 1892 tan-

381 1944 456 2008 dem
473 1917 614 2028 quievit,
639 1938 730 2004 idest
747 1938 787 2002 ab
804 1960 888 2007 anuo
906 1939 989 2014 550,
1008 1943 1109 2028 usque
1125 1935 1167 2002 ad
1183 1957 1307 2000 annum
1327 1936 1408 2008 556,

380 2071 445 2136 quo
462 2049 571 2111 rursirs
587 2042 725 2108 militum
742 2044 893 2132 praelccto
906 2043 1043 2134 Syriano
1054 2045 1138 2110 intra
1150 2043 1249 2133 ipsius
1262 2039 1409 2108 Ecclesia

380 2153 497 2220 limites
528 2152 747 2238 impugnatur.
781 2148 960 2240 Expellitur
991 2149 1155 2240 popalus,
1182 2148 1409 2238 percutiuntur
1452 2195 1453 2200 ι

383 2257 524 2333 Clerici,
541 2257 672 2344 trepidae
696 2255 854 2322 dissiliunt
875 2257 1045 2346 Virgines,
1069 2259 1179 2348 lugere
1195 2257 1407 2324 indesertum
1452 2229 1453 2263 r

383 2367 509 2456 cogitur
537 2365 604 2454 ipse
632 2363 834 2430 Athanasius.
865 2365 1049 2454 Perpctrata
1074 2366 1304 2441 Constantius,
1336 2363 1407 2428 dato

380 2474 476 2540 etiam
492 2471 623 2545 edicto,
648 2466 859 2558 comprobare
874 2493 939 2538 nou
956 2484 1104 2550 veretur,
1128 2474 1192 2538 imo
1209 2485 1242 2537 et
1256 2472 1406 2561 juvenum

378 2577 543 2666 ,lasciviam
570 2589 680 2642 contra
706 2588 852 2642 sanctum
873 2577 1060 2666 pontificem
1084 2578 1229 2646 incitare.
1256 2574 1407 2642 Polluitur

384 2684 499 2772 iterum
515 2679 670 2752 ecolesia;
685 2679 762 2772 hinc
776 2679 909 2768 disjecta
926 2680 1058 2760 sedilia,
1072 2681 1150 2750 hinc
1168 2680 1349 2746 velamenta
1366 2677 1408 2742 la·

385 2809 458 2854 cera
473 2836 482 2863 ,
501 2786 577 2852 hinc
592 2807 682 2851 sacra
699 2783 885 2872 proculcata
897 2785 1085 2855 indumenta
1097 2835 1106 2862 ,
1120 2787 1197 2856 hino
1209 2787 1313 2876 ipsam
1325 2785 1405 2874 epis-

385 2892 529 2982 copalem
556 2893 742 2960 cathedram
758 2891 969 2960 disturbatam
983 2895 1117 2962 videres.
1126 2894 1337 2971 Adveniente
1354 2917 1407 2957 su-

384 3016 451 3090 tem
467 3000 634 3096 Georgia
627 3021 674 3064 ιιι
671 2997 879 3090 Alexandriae
894 3001 1116 3090 episcopatum
1139 3024 1244 3090 nuper
1262 3001 1405 3072 intruso,

385 3131 450 3174 non
465 3106 612 3182 sedatur,
630 3103 687 3170 sed
700 3117 834 3194 augetur
846 3105 1019 3192 tumultus
1039 3106 1272 3174 atrocioribus
1263 3129 1331 3194 apsa
1337 3128 1406 3194 pas

386 3193 490 3278 chalia
506 3211 584 3276 festa
601 3209 798 3275 facinoribus
812 3203 996 3300 foedantur·
983 3259 997 3299 ,
1019 3209 1144 3302 depulsi
1160 3210 1200 3276 ab
1225 3210 1405 3278 ecclesisifi-

387 3319 496 3395 dcle's,
524 3317 634 3384 dhm'
625 3329 659 3382 ιιι
682 3316 845 3416 desertum
868 3319 988 3408 pascha
1014 3317 1449 3408 celebraturidillugiunt,

387 3425 469 3515 aliid
485 3425 751 3516 persequentibus
767 3438 922 3492 vexantur
938 3422 1110 3502 militibus,
1126 3423 1181 3490 alii
1198 3427 1296 3492 etiam
1317 3424 1407 3490 occisi

385 3534 570 3620 intereunt,
605 3533 767 3622 octoginta
797 3531 930 3602 demtrm
961 3532 1186 3622 expelluntur,
1214 3550 1248 3600 et
1275 3532 1448 3614 sedecim

381 3608 644 3728 prdtruduntur
635 3661 669 3702 ιιι
685 3636 815 3704 exilium
827 3638 979 3728 episcopi.

391 3744 566 3836 La.tabat
585 3745 733 3812 interea
725 3767 758 3810 m
781 3743 908 3812 deserto
932 3745 1023 3836 plura
1043 3715 1250 3814 conscribchs
1271 3743 1410 3811 Athana-

374 3849 464 3926 sius,
459 3849 684 3940 quoadusque
693 3861 848 3938 regnante
858 3861 933 3938 post
943 3848 1309 3918 Constantiumlulrano
1318 3845 1412 3938 Apos
1446 3891 1447 3955 t
