2940 4570
800 353 933 439 (164)

376 495 435 558 mis
456 493 643 582 eloquentiae
664 493 821 581 magistris
847 493 1032 558 habendum
1055 515 1123 558 esse
1147 492 1299 560 declarat.
1325 493 1396 573 Qud

374 599 503 686 quidem
525 599 558 663 in
584 597 739 662 sententiat
758 609 902 664 veterum
919 597 1040 686 judicio
1063 610 1311 674 consenserunt,
1343 597 1398 684 qui

373 727 498 794 semper
514 717 547 770 at
564 704 683 791 ubique
703 705 812 793 dignas
830 703 945 770 Basilio
965 704 1074 770 laudes
1091 705 1313 794 profuderunt.

425 839 437 871 α
462 808 590 877 Nullum
599 822 664 886 est,
678 809 781 896 inquit
795 809 964 899 Gregorius
977 810 1208 888 Nazianzenus,
1221 807 1398 898 disciplina

372 946 385 978 »
413 940 532 1006 genus,
557 917 590 980 in
613 939 678 1004 quo
705 927 846 981 versatus
875 939 940 982 non
959 917 1076 994 fuerit,
1101 929 1197 1006 atque
1218 917 1261 984 ita
1281 917 1397 982 eximie

370 1053 383 1086 ι
413 1036 572 1098 versatus,
596 1024 686 1111 quasi
706 1025 739 1089 in
758 1047 797 1089 eo
815 1022 882 1111 solo
900 1023 1073 1090 laborasset
1076 1069 1141 1090 .....
1163 1024 1243 1104 Quis
1263 1025 1299 1088 in
1321 1023 1394 1088 rhe-

369 1158 383 1191 ι
414 1129 512 1194 toricd
524 1177 534 1204 ,
546 1126 617 1204 illa,
636 1129 785 1216 inquam,
803 1127 865 1195 vina
884 1129 964 1218 ignis
981 1130 1140 1217 spirante,
1163 1153 1239 1196 oum
1254 1152 1296 1194 eo
1311 1127 1410 1194 com-'

369 1263 382 1296 s
412 1232 598 1323 parandus?
612 1277 677 1297 .....
701 1232 781 1312 Quis
800 1233 833 1298 in
854 1234 1087 1322 grammaticali
1097 1279 1164 1299 .....
1182 1232 1262 1314 Quis
1278 1232 1313 1296 in
1329 1230 1396 1319 phi-

369 1372 382 1404 »
414 1339 577 1429 losophid,
603 1338 636 1407 iu
663 1345 724 1427 qud
751 1337 832 1403 adeo
856 1337 1024 1416 excelluit,
1050 1351 1086 1404 ut
1110 1340 1147 1405 iis
1171 1339 1225 1426 qui
1252 1360 1331 1403 cum
1357 1360 1396 1401 eo

368 1479 381 1512 a
412 1448 617 1538 disputabant
633 1446 883 1530 faciliusesseta
900 1448 1103 1538 labyrinthis
1126 1441 1193 1514 sese
1217 1447 1393 1518 extricare,

342 1571 346 1588 ‘
369 1586 382 1618 »
412 1561 506 1642 quam
535 1565 797 1642 argumentorum
822 1554 890 1641 ejus
913 1552 1043 1642 laqueos
1066 1551 1311 1642 'effugerel..;..
1332 1549 1394 1614 Sed

368 1689 381 1724 s
413 1659 731 1749 quidhaec,temetsi
747 1683 862 1748 magna
881 1673 913 1726 et
933 1645 1103 1760 praeclara,
1130 1661 1156 1727 si
1171 1683 1246 1726 cum
1266 1681 1393 1724 morum

368 1797 380 1830 s
411 1765 494 1832 illius
513 1765 658 1832 doctrina
678 1766 867 1856 dicendique
884 1757 1036 1834 facultate
1057 1763 1290 1834 conferantur?
1315 1763 1394 1843 Quis

367 1907 379 1940 a
412 1877 551 1964 seipsum
569 1867 669 1964 inagis
696 1876 818 1966 spiritui
843 1877 1003 1966 purgavit,
1033 1887 1128 1966 atque
1145 1875 1187 1941 ita
1206 1897 1241 1940 se
1262 1895 1394 1960 compa-

358 1969 379 2045 ἰ
411 1982 508 2058 ravit,
535 1993 571 2045 ut
597 1981 711 2069 dignus
737 1993 819 2047 esset
837 1983 892 2070 qui
915 1979 1042 2049 oracula
1059 1982 1164 2048 divina
1183 1975 1395 2068 explanaret?

365 2116 378 2150 ι
413 2087 492 2167 Quis
518 2090 646 2150 rursum
678 2087 800 2174 majore
827 2088 965 2154 scientiae
995 2087 1067 2154 luce
1095 2085 1300 2153 collustratus
1327 2094 1391 2159 cst,

366 2221 378 2254 s
410 2202 505 2279 atque
516 2191 549 2254 in
564 2189 722 2278 profunda
735 2182 861 2278 spiritus
878 2193 1055 2280 prospexit,
1076 2215 1115 2258 ac
1126 2215 1201 2258 cum
1213 2190 1301 2265 Deo,
1322 2211 1392 2290 puae

366 2327 379 2360 s
411 2297 470 2363 Dei
498 2307 589 2371 sunt,
617 2294 807 2382 exquisivit?
839 2297 918 2378 Quis
944 2303 1040 2386 porro
1069 2295 1251 2362 sermonem
1280 2293 1394 2360 habuit

365 2433 378 2466 s
410 2403 508 2470 animi
538 2423 627 2467 sensa
651 2399 765 2466 melius
788 2414 1017 2491 exponentem,
1045 2402 1088 2467 ita
1109 2413 1145 2466 ut
1168 2405 1282 2466 neutra
1301 2410 1392 2487 parte
1460 2415 1461 2498 p

367 2538 380 2572 a
412 2507 609 2576 claudicaret
619 2553 684 2583 .....
704 2507 760 2572 sed
777 2512 852 2571 vere
868 2507 990 2596 integer
1008 2518 1090 2572 esset
1108 2518 1140 2571 et
1155 2501 1387 2604 perfectusl...

366 2644 379 2676 s
412 2613 568 2694 Quasnam
580 2612 676 2678 hodie
692 2611 751 2678 alia
769 2610 862 2678 ullius
878 2607 1053 2679 conventds
1069 2610 1199 2703 laetipial
1219 2611 1300 2691 Quae
1318 2630 1391 2676 con-

367 2745 380 2779 »
410 2717 566 2782 viciorum
585 2715 754 2805 voluptas?
781 2716 861 2796 Quae
878 2717 957 2793 fori,
983 2739 1054 2805 quae
1074 2706 1299 2790 ecclesiarum,
1323 2737 1390 2802 quae
1459 2787 1460 2810 ,

366 2852 380 2886 a
414 2823 592 2912 principum
615 2836 647 2888 et
668 2823 863 2911 privatorum
883 2823 1029 2890 deliciaei
1055 2825 1135 2904 Quae
1157 2823 1391 2890 monachorum

368 2959 381 2993 »
413 2942 468 2994 aut
491 2953 602 2998 eorum
624 2931 678 3017 qui
700 2931 850 2995 societate
872 2929 1036 3018 gaudent?
1057 2931 1267 3026 Q'uaeeorum
1287 2931 1391 3019 quise

369 3065 381 3097 a
414 3041 431 3099 a
456 3035 592 3127 negotiis
614 3048 839 3110 removerunt,
871 3035 920 3101 vel
948 3037 1193 3125 eorumquiin
1218 3037 1315 3102 rebus
1336 3058 1392 3123 ge-

369 3170 382 3202 »
414 3139 520 3206 randis
535 3141 723 3206 versantur?
741 3140 821 3220 Quae
836 3161 947 3206 eorum
963 3141 1018 3229 qui
1035 3141 1190 3229 profanae,
1216 3139 1266 3207 vel
1281 3163 1392 3206 eorum
1458 3149 1459 3160 ¹

369 3273 381 3306 r
414 3244 468 3330 qui
487 3254 602 3314 nostrae
617 3242 790 3332 disciplinae
808 3243 948 3310 studium
963 3243 1179 3334 profitentur?
1203 3243 1271 3308 Una
1289 3255 1322 3308 st
1336 3266 1393 3331 per

369 3375 382 3410 a
414 3347 522 3412 omnia
546 3360 578 3412 et
605 3349 742 3414 maxima
766 3347 934 3415 oblectatio
957 3347 1041 3414 illius
1068 3347 1229 3414 volumina
1253 3361 1285 3414 et
1305 3347 1393 3415 luco-

369 3481 382 3515 »
414 3451 574 3519 hrationes
583 3501 646 3530 .....
666 3466 761 3541 atque
781 3454 806 3518 is
822 3454 907 3542 apud
927 3477 984 3521 nos
1004 3454 1234 3520 eruditissimus
1256 3453 1393 3519 habetur

370 3587 382 3620 s
412 3559 469 3646 qui
496 3559 593 3624 libros
623 3560 719 3648 ipsius
747 3565 842 3646 quam
874 3561 1010 3626 maxime
1029 3558 1195 3649 intelligit,
1226 3582 1266 3626 ac
1285 3558 1392 3646 linguai
1457 3571 1458 3594 ³

369 3693 382 3726 s
414 3677 536 3741 versat,
560 3665 754 3754 auribusque
773 3663 904 3730 instillat
907 3714 972 3731 .....
997 3667 1206 3733 Hoctantum
1223 3664 1264 3729 de
1283 3687 1322 3728 eo
1344 3663 1393 3727 di·

370 3799 383 3834 s
415 3793 487 3835 cam
507 3793 515 3834 ε
535 3771 617 3835 (llam
635 3771 866 3835 Heoear'tmaron
883 3771 966 3836 illius
981 3773 1014 3836 in
1031 3793 1143 3836 manus
1159 3757 1270 3845 suino,
1299 3780 1395 3856 atque

370 3903 384 3936 »
413 3875 446 3954 iu
463 3874 667 3949 orerlrabeo,
680 3874 929 3954 ,cum-Graatere
948 3875 1148 3965 conjungor,
1165 3897 1205 3942 ao
1225 3873 1395 3940 creationis
1456 3877 1457 3884 ’
