2960 4592
517 437 520 450 ,
787 335 922 452 (ιιι)
1106 426 1212 447 „

340 483 481 538 amatore
495 471 692 560 deprehendi
706 474 807 565 possit
822 471 952 562 aliquod
965 469 1079 548 erroris
1093 459 1280 560 vestigium,
1293 491 1365 553 ,ιιοιι

337 577 391 643 illa
406 583 493 644 certe
504 567 674 666 reperitur,
688 602 757 666 quae
777 577 844 647 sola
859 578 1047 646 haereticum
1064 577 1249 653 constituit,
1264 576 1364 667 animi

339 687 522 775 pertinacia.
865 751 868 757 s

385 795 461 861 Haec
475 807 548 860 sunt
564 781 673 874 autem
688 791 758 883 quae
769 795 950 884 posteritati
962 795 1079 894 scripta
1092 791 1235 896 reliquit,
1253 795 1366 858 nume-

340 924 410 967 rosa
418 901 537 989 pariter
548 913 580 966 et
588 901 737 966 omnrbus
746 900 1050 968 commendanda
1055 885 1266 972 ⁰Histort'or'n
1274 898 1368 972 eccle

244 1013 246 1018 '
341 1009 513 1074 sinaticam
515 1005 1199 1096 ,quoeresmaximlmomenticomplectitur,
1206 1027 1368 1098 quamque

342 1113 385 1181 ita
394 1113 658 1181 laudatPhotius·
678 1143 691 1175 ι
705 1115 873 1205 Hicmagis
885 1139 985 1204 quam
995 1113 1110 1204 reliqui
1122 1114 1368 1192 convenientem

343 1247 357 1282 ι
387 1219 526 1286 historus
534 1219 653 1309 stylum
665 1217 806 1287 adhibet.
826 1219 940 1288 Clarus
950 1222 1037 1288 enim
1048 1232 1080 1286 et
1094 1219 1221 1316 grandis
1237 1231 1299 1296 est,
1312 1218 1370 1283 mi-

343 1327 536 1416 nrmeque
545 1327 747 1404 redundans
760 1329 820 1393 nisr
812 1328 918 1416 quod
929 1309 1189 1408 translationibus
1207 1324 1370 1404 interdum

312 1465 315 1470 ,
345 1459 358 1493 ι
390 1429 542 1512 audaoids
558 1443 591 1496 ct
603 1437 685 1519 pene
700 1431 816 1524 inepte
824 1431 933 1496 utitur
949 1431 1010 1499 Hic
1025 1431 1122 1498 etiam
1137 1430 1236 1496 fusitrs
1249 1427 1370 1502 caeteris

307 1567 309 1572 ·
345 1565 358 1610 ι
390 1539 539 1606 secundae
548 1537 669 1628 Synodr
677 1553 764 1628 gesta
777 1551 1026 1616 commemorat
1039 1535 1168 1628 quaealu
1178 1535 1373 1624 tanquamrn

346 1671 359 1704 ι
390 1653 575 1708 transcursu
588 1655 619 1708 et
635 1643 726 1709 obitu
738 1667 776 1712 ec
787 1643 1140 1734 perfunctorienarraut
1155 1665 1215 1708 nec
1226 1637 1375 1706 videntur

290 1767 292 1772 ·
346 1747 447 1816 ode
449 1753 486 1838 ed
502 1748 588 1848 loqui
606 1749 695 1817 velle.
720 1745 950 1838 Verumtamen
965 1773 1006 1832 ne
1024 1752 1105 1848 ipse
1110 1745 1241 1839 quidem
1257 1755 1375 1812 cuncta

347 1885 359 1944 ι
390 1855 571 1950 srngrllatrm
582 1859 688 1924 refert
702 1859 875 1945 Historiam
889 1859 1051 1926 inchoavit
1061 1857 1102 1924 ab
1117 1856 1230 1923 haeresi
1243 1853 1325 1932 Arii,
1343 1863 1375 1920 et

348 1989 361 2031 ι
393 1962 450 2028 ad
444 1963 661 2054 prrncrpatum
670 1955 841 2030 Theodosu
827 1965 983 2054 Junrorls
991 1963 1173 2054 pertexuit
1185 1961 1238 2030 et
1229 1985 1261 2026 ιιι
1270 1970 1376 2026 morte

335 2097 338 2104 ·
347 2067 553 2134 »Theodori
581 2065 796 2160 Mopsuesteni
821 2048 933 2148 desiit,
956 2095 1020 2159 qno
1035 2083 1191 2168 tempore
1216 2065 1376 2140 Sisinnius

348 2199 367 2233 ι
396 2170 687 2294 Constantinopolis
718 2185 787 2239 crat
814 2175 1022 2283 episcopus»
1043 2173 1164 2272 (ιιὶιιι.Ι
1175 2173 1249 2246 cod.
1272 2172 1328 2236 δι.
1341 2171 1373 2258 ιι

335 2303 336 2308 ’
352 2290 399 2343 ι.0
413 2281 498 2368 varia
512 2277 755 2366 commemoria
767 2281 804 2362 in
820 2293 892 2348 octo
910 2275 1031 2386 primos
1046 2279 1161 2355 veteris
1181 2276 1376 2366 Testamenti

348 2359 466 2460 libros,
483 2385 516 2450 ln
538 2385 680 2473 Psalmos
703 2411 835 2466 omnes,
852 2389 885 2454 in
909 2379 1081 2475 Canticum
1099 2385 1323 2459 canticorum,
1342 2383 1375 2468 ιιι

273 2572 275 2575 .
350 2491 543 2568 Jeremiam,
560 2491 784 2573 Ezechielem,
801 2475 987 2576 Danielem,
1009 2495 1244 2582 duodecimque
1268 2491 1377 2576 mino-

308 2625 318 2648 ·
348 2621 400 2666 res
416 2595 607 2685 Prophetae,
628 2623 688 2666 nec
712 2593 781 2667 nou
802 2612 835 2666 ot
850 2601 883 2666 ln
898 2592 1045 2694 epistolas
1063 2599 1096 2665 S
1111 2597 1201 2670 Pauli
1216 2593 1371 2686 Apostoli.

350 2703 407 2770 His
421 2695 1023 2793 praesertiminclaruissetestaturldem
1033 2705 1268 2793 Photiu'scujus
1278 2701 1374 2788 verba

350 2809 394 2874 ibi
408 2809 528 2874 referre
543 2833 608 2896 non
623 2810 764 2876 alienum
779 2810 878 2877 videri
894 2823 1019 2900 potest:
1043 2839 1056 2872 ι
1072 2809 1149 2900 Legi
1161 2797 1308 2903 ejusdem
1325 2805 1375 2871 diss

351 2943 364 2977 ι
395 2914 461 2980 vini
477 2915 534 2980 viri
550 2914 806 3006 explanationem
819 2905 1029 3002 octateuchi,
1047 2941 1117 3006 quae
1133 2915 1375 3004 inscriptionem

348 3051 363 3084 ι
396 3028 485 3110 certe
494 3023 584 3111 operi
597 3021 723 3113 egregie
731 3037 963 3116 congruentem
975 3008 1069 3091 nacta
1081 3035 1129 3096 est
1140 3047 1148 3089 ε
1159 3021 1205 3088 ln
1217 3023 1379 3111 impedita

244 3149 245 3154 ¹
271 3136 296 3141 “
351 3155 364 3188 ι
396 3121 987 3220 sacraeSertproroetooajinquihus
1009 3129 1103 3196 etad
1125 3127 1232 3195 libros.
1254 3125 1379 3229 Regum

352 3265 365 3298 ι
398 3235 697 3324 acParalipomeua.
712 3227 921 3304 Utilissimum
935 3238 1091 3332 imprimis
1099 3237 1163 3325 hoc
1175 3258 1269 3331 opus,
1278 3234 1380 3322 quod·

250 3429 259 3440 x
352 3367 365 3426 ι
397 3367 460 3432 que
469 3367 544 3411 cum
556 3344 727 3442 ipsisquasl
736 3343 895 3437 natalibus
904 3334 1381 3440 Parentismoxge'niumlcctor

351 3481 364 3514 ι
396 3447 469 3515 rum
486 3447 585 3516 oculis
602 3447 761 3536 subjiciat.
781 3449 997 3540 Praeterquam
1012 3462 1120 3526 autem
1132 3447 1219 3536 quod
1230 3447 1285 3534 hic
1302 3469 1382 3534 con-

326 3589 327 3596 *
353 3586 364 3620 ι
397 3569 486 3624 sueta
502 3555 571 3643 ipsr
553 3551 699 3620 dicendi
711 3549 817 3620 forma
826 3557 951 3645 egregie
966 3553 1108 3631 eluceat,
1123 3553 1240 3620 habeat
1251 3557 1383 3648 quoque

352 3666 448 3749 »lsi
465 3664 506 3729 ad
520 3663 676 3750 majorem
692 3659 955 3751 perspicuitatem
973 3674 1006 3742 et
1021 3657 1317 3754 comprehendendi
1334 3657 1384 3724 fa-

338 3797 366 3832 ι»
398 3770 550 3858 cilitatem
567 3767 827 3858 respiciaslcdm
850 3768 937 3848 aliud
959 3760 1123 3857 quoddam
1147 3766 1381 3852 commodum

351 3901 364 3940 ι
393 3881 465 3942 tdm
481 3874 589 3964 quod
581 3898 614 3940 ru
638 3898 761 3942 summa
778 3874 874 3942 veluti
890 3875 994 3966 capita
1009 3897 1069 3964 per
1085 3873 1274 3962 quaestiones
1293 3868 1383 3936 solu-
