2940 4570
409 498 413 506 .
813 411 824 498 (
852 412 912 477 180
936 413 973 496 )“
1080 400 1086 404 ’

374 547 504 614 licatum
519 596 528 623 ,
546 549 589 613 ita
605 559 640 612 ut
655 547 758 636 prima
781 553 907 614 tantum
924 548 1000 636 ‘ejus
1024 547 1128 635 operis
1153 545 1252 612 editio
1266 544 1303 609 B.
1319 543 1402 608 Hie-

373 673 509 742 ronymo
532 652 730 725 innotuerit;
760 665 806 717 a.⁰
825 653 899 742 quia
923 653 963 718 ah
989 653 1121 718 eruditis
1138 651 1422 718 demonstratum.
1460 699 1466 710 .

372 774 440 839 est,
455 759 620 826 laudatum
639 760 672 826 in
688 759 893 856 Traditorum
910 760 1044 850 gratiam
1060 759 1278 824 testimonium
1291 756 1400 824 aliena

263 941 266 948 ¹
372 887 470 930 manu
482 865 568 954 operi
582 865 677 930 luisse
689 863 930 952 interpositum
949 863 1090 951 5.⁰quia,
1106 861 1160 929 illo
1172 873 1318 928 resecato
1329 873 1399 926 tes-

371 971 529 1047 timonio,
547 980 660 1036 caetera
678 975 695 1033 a
710 969 888 1058 primorum
908 967 1065 1034 librorum
1082 967 1224 1034 dictione
1247 989 1313 1034 nou
1338 965 1399 1030 ab·

370 1075 514 1142 horrent.
657 1089 660 1095 “
710 1073 713 1080 ⁴

399 1213 400 1216 ¹
416 1180 470 1246 Sic
489 1180 556 1269 ipsa
571 1179 702 1268 incoepti
716 1179 821 1269 operis
834 1191 1057 1268 argumentum
1069 1192 1101 1245 et
1113 1178 1261 1244 ordinem
1276 1175 1318 1241 ab
1333 1175 1397 1242 ini-

370 1288 415 1352 tio
438 1284 605 1380 explicat:
631 1311 644 1344 a
671 1283 747 1350 Mihi
773 1283 899 1351 videtur
923 1286 1028 1374 primo
1044 1284 1117 1352 loco
1130 1283 1340 1351 Traditorum
1363 1294 1396 1346 et

312 1459 320 1480 ‚
370 1425 383 1458 s
415 1392 693 1462 schismaticorum
706 1392 891 1460 indicandas
912 1417 979 1460 esse
1001 1394 1169 1470 civitates,
1193 1415 1349 1482 personas
1365 1403 1399 1454 et

370 1529 383 1564 s
414 1501 567 1573 nomina;
587 1512 646 1576 ut,
664 1523 733 1588 quae
749 1500 841 1566 dolis
863 1501 1059 1576 dictasunt,
1081 1524 1173 1566 veros
1195 1511 1345 1564 auctores
1365 1509 1399 1562 ct

369 1638 382 1673 s
414 1619 518 1675 certos
535 1629 606 1672 reos
624 1629 698 1672 suos
713 1618 897 1694 agnoscant.
913 1605 1037 1673 Deinde
1049 1605 1128 1672 mihi
1144 1603 1318 1684 dicendum
1333 1615 1395 1678 est,

372 1742 385 1776 tt
417 1733 511 1800 quae,
528 1709 577 1778 vel
592 1706 651 1776 'uti
666 1710 707 1776 sit
730 1733 793 1775 una
816 1709 981 1786 Ecclesia,
994 1705 996 1712 ’
1010 1733 1080 1799 quae
1095 1722 1160 1783 est;
1188 1710 1264 1798 quia
1280 1719 1398 1796 praeter

371 1848 384 1880 t
416 1833 513 1882 unam
529 1866 538 1892 ,
555 1814 654 1881 altera
667 1839 732 1882 non
748 1828 805 1881 est.
825 1815 934 1881 Tertio
949 1822 965 1881 a
982 1816 1074 1881 nobis
1095 1814 1229 1881 militem
1245 1833 1312 1879 non
1327 1836 1398 1877 esse

244 1943 258 1960 ⁴·
370 1953 383 2003 ,a
415 1921 572 2012 petitum,
604 1932 636 1986 et
652 1919 693 1984 ad
716 1943 774 1985 nos
790 1919 854 1984 non
870 1921 1051 2007 pertinere,
1077 1920 1164 2006 quod
1186 1920 1226 1984 ab
1244 1918 1397 2006 operariis

369 2056 382 2091 s
415 2025 544 2091 unitatis
560 2023 678 2088 dicitur
694 2024 910 2090 commissum.
933 2024 1059 2104 Quarto
1075 2023 1147 2090 loco
1160 2025 1214 2113 qui
1227 2026 1268 2090 sit
1279 2047 1398 2113 pecca—

312 2139 315 2146 '
370 2163 382 2196 s
412 2145 483 2206 tor,
501 2131 594 2217 cujus
611 2129 805 2195 sacrificium
825 2130 973 2218 repudiat
988 2121 1097 2206 Deus,
1114 2130 1164 2196 vel
1184 2131 1277 2220 cujus
1289 2131 1400 2198 oleum

340 2261 342 2266 ’
369 2267 382 2301 ι
414 2237 603 2327 fugiendum
619 2236 669 2302 sit.
687 2236 809 2316 Quinto
825 2236 865 2302 dc
876 2236 1076 2326 baptismate.
1092 2237 1188 2303 Sexto
1203 2289 1212 2314 ‚
1227 2239 1267 2304 de
1281 2239 1399 2304 incon-

370 2339 559 2406 „sideratis
576 2339 877 2428 praesumptionibus
885 2352 918 2404 et
929 2340 1092 2404 erroribus
1108 2341 1219 2406 vestris
1234 2391 1243 2416 ‚
1265 2343 1397 2431 (nempe
1468 2367 1469 2394 t

370 2447 683 2532 s-Donatistarum).
699 2445 821 2532 »(cap.
839 2469 868 2532 7.
890 2447 901 2532 )
917 2445 1400 2534 llaecsextiscapitihusconclu-

359 2553 502 2618 duntur.
530 2549 691 2640 Septimus
714 2562 821 2616 autem
845 2549 965 2639 Optato
987 2551 1167 2623 uindicatus
1187 2551 1269 2617 liber
1302 2552 1398 2642 plura

370 2660 437 2748 jam
460 2657 548 2746 prius
570 2668 707 2722 tractata
727 2655 901 2745 recolligit,
928 2678 990 2721 nec
1011 2655 1117 2722 ideoa
1138 2657 1314 2724 Catholicis
1330 2658 1399 2724 dis·
1467 2667 1468 2710 l

371 2760 552 2827 cedendum
566 2760 720 2836 ostendit,
728 2760 815 2848 quod
826 2761 1045 2826 Traditorom
1054 2759 1111 2826 filii
1123 2778 1396 2851 supponerentur.

417 2862 557 2928 Plurima
574 2863 669 2934 etiam
685 2875 797 2929 contra
810 2863 990 2929 Donatistas
1002 2878 1211 2944 monumenta
1230 2869 1322 2956 operi
1338 2867 1400 2933 ad-

295 2966 296 2970 ’
370 2973 525 3061 junxerat
540 2969 700 3056 Optatus,
728 2992 866 3057 quorum
889 2970 955 3057 jam
981 2972 1170 3037 amissorum
1194 2971 1266 3038 loco
1293 2972 1399 3039 multa
1466 2989 1467 2994 ’

371 3077 500 3144 aliunde
516 3089 706 3166 congregata
721 3101 808 3143 nunc
826 3077 953 3142 annecti
966 3076 1078 3144 solent.

377 3233 381 3246 .
417 3178 625 3246 Utilissimum
645 3180 742 3268 hujus
766 3175 1120 3270 operisargumentum
1143 3182 1273 3260 nobili,
1298 3186 1401 3252 vehe-

358 3333 360 3338 -
375 3286 496 3360 menti,
514 3286 705 3373 concisaque
716 3282 843 3372 cloquio
860 3298 1056 3361 exornatur;
1077 3289 1185 3354 nescio
1196 3289 1274 3376 quid
1287 3302 1401 3356 tamen

371 3391 510 3459 nitidum
537 3393 637 3480 magis
667 3392 832 3480 magisque
859 3391 1060 3458 elaboratum
1083 3395 1330 3462 desideraretur.
1361 3397 1401 3462 Si

373 3521 579 3587 congressum
589 3495 727 3562 bellator
742 3498 852 3575 ineat,
870 3496 992 3563 vividus
1004 3511 1117 3587 urget;
1137 3500 1162 3564 si
1180 3499 1298 3566 referat
1319 3525 1401 3568 nar-

372 3613 631 3698 ratorevcntus,
653 3601 736 3667 sacta
759 3601 881 3678 oculis,
903 3615 939 3668 ut
955 3602 997 3667 ita
1014 3601 1143 3680 dicam,
1166 3605 1344 3693 'supponit3
1373 3609 1401 3672 si

372 3707 553 3776 testimonia
570 3717 808 3795 argumentator
824 3705 954 3783 alferat,
970 3707 1133 3796 ingeniose
1151 3709 1255 3774 varios
1268 3708 1402 3774 illorum

371 3838 480 3882 sensus
505 3811 651 3880 evolvere
677 3811 809 3900 satagit3
840 3812 996 3901 quidquid
1025 3811 1196 3882 dicendum
1220 3827 1401 3892 occurrat,
