2936 4552
172 500 438 650 Quapropter
458 536 549 620 sirm
575 419 710 637 Dorici
731 419 901 628 iiocente
917 545 1129 654 Apostolo,
1152 551 1220 629 de-

172 667 277 782 derit
304 665 500 774 quosdam
527 665 685 774 quidem
706 667 997 776 Apostolos,....
1018 671 1120 752 alios
1146 675 1220 754 ozc'·

170 811 252 874 tem
283 791 474 870 Pastores
499 806 536 868 et
553 791 743 870 Doctores
771 793 830 871 od
847 797 1220 879 comemmotionem

171 917 482 1010 Sanctorum
499 915 797 1022 oedrficationcm
812 922 983 1028 corporis
1002 921 1161 1024 citasti,
1177 944 1221 1005 ot

160 1042 258 1154 jcim
279 1067 357 1122 non
378 1041 943 1150 rimmparruliflaotoontes,
967 1061 1003 1126 et
1017 1049 1220 1152 cimumso
1333 1123 1340 1137 ,

172 1197 316 1248 ramur
335 1167 445 1245 omni
464 1183 582 1246 cento
602 1168 842 1280 doctrinoef,
866 1203 886 1244 o
915 1172 1127 1254 Beatorum
1148 1177 1221 1255 Pa-

171 1329 194 1371 »
222 1309 330 1374 trum
348 1299 527 1372 sanctum
550 1295 871 1404 catholicumque
892 1325 1144 1403 consensum,
1170 1329 1220 1382 ne

172 1455 194 1497 s
221 1423 314 1532 quis
332 1420 408 1500 sibi
424 1422 573 1500 temerii
586 1422 924 1505 contemnendum
938 1426 1155 1507 arbitretur
1157 1486 1220 1510 .....

172 1579 194 1621 s
221 1547 337 1647 Quos
352 1547 397 1624 in
411 1545 584 1626 Ecclesiis
601 1547 676 1626 Dei
691 1545 883 1629 divinitirs
896 1577 969 1658 per
984 1569 1167 1660 tempora
1181 1572 1222 1635 ct

173 1705 194 1748 s
222 1672 310 1751 loca
332 1669 597 1784 dispensatos,
615 1673 797 1782 quisquis
823 1675 868 1754 in
892 1703 1010 1757 sensu
1034 1680 1220 1760 catholici

173 1829 197 1891 s,
224 1795 418 1903 dogmatis
434 1823 563 1877 unum
581 1799 734 1908 aliquid
761 1802 805 1880 in
821 1802 981 1883 Christo
1009 1807 1221 1898 sentientes

173 1957 195 2000 n
223 1926 525 2033 contempserit,
551 1953 636 2005 non
655 1925 858 2006 hominem
884 1932 1125 2031 contemnit,
1153 1931 1222 2012 sed

176 2083 196 2126 s
226 2053 351 2130 Deum
367 2063 428 2130 ².»
444 2050 562 2131 Unde
576 2053 620 2130 in
634 2049 923 2163 concilioapud
939 2057 1142 2165 Ephesum
1159 2085 1222 2138 ce-

173 2177 329 2288 lebrato
350 2177 463 2257 «hoc
480 2179 848 2280 catholicissimum,
865 2180 1150 2282 fidelissimum,
1166 2201 1223 2264 ot-

176 2334 197 2379 »
217 2329 294 2412 que
307 2305 506 2412 optimum
519 2306 650 2384 visum
666 2323 739 2405 est,
756 2307 859 2386 utin
877 2307 1053 2387 medium
1069 2327 1223 2391 sancto-
1253 2395 1254 2399 Ν

176 2461 196 2504 1>
212 2457 304 2508 rum
314 2432 478 2510 Petrum
492 2432 697 2514 sententio
709 2431 1007 2539 proferrentur:
1024 2435 1163 2514 »unde
1179 2438 1223 2516 in

178 2553 495 2635 Chalcedonensi
504 2554 690 2635 adversis
702 2557 952 2663 Eutycheten
962 2558 1222 2674 exclamatum

150 2747 153 2757 r
175 2698 236 2760 est
251 2711 259 2760 :
273 2679 394 2760 «Haec
404 2699 463 2760 est
473 2678 569 2760 fides
584 2681 758 2780 Petrum,
770 2707 907 2762 omnes
918 2684 972 2762 itt
981 2683 1221 2778 credimusts

176 2801 1223 2914 undehochabetConstantinopolitcnumlll,adver-

176 2925 246 3010 sirs
264 2930 746 3032 Monothelitas‚cct.x11:
763 2932 978 3012 «Omnino
999 2941 1223 3034 'necesssest

176 3091 197 3132 s
226 3085 310 3136 non
320 3057 449 3138 solnm
463 3056 680 3138 secundnm
697 3083 852 3137 sensum
862 3061 974 3167 sequi
985 3075 1141 3140 sanctos
1151 3059 1228 3140 Pc-‘

175 3215 196 3258 s
227 3182 402 3282 tres‚sed
413 3183 553 3263 iisdem
564 3184 625 3262 uti
638 3182 804 3263 vocibus
815 3210 907 3262 cum
917 3184 1117 3266 illis...Nos
1126 3181 1220 3293 ergo

176 3341 197 3383 s
227 3325 456 3390 sanctorum
478 3312 639 3388 Petrum
663 3309 852 3416 dogmata
881 3314 1071 3419 tanquim
1097 3312 1222 3419 legem
1277 3387 1280 3390 .

176 3465 197 3508 s>
226 3451 370 3514 sanotae
390 3435 463 3512 Dei
482 3435 664 3528 Ecclesiae
687 3435 972 3542 suscipimus.»
993 3435 1111 3516 Unde
1130 3463 1222 3516 eum

176 3558 317 3639 eodem
348 3561 562 3639 Vincentio
592 3559 792 3638 Lirinensi
820 3559 1092 3640 definiendum
1117 3580 1178 3642 est
1210 3591 1219 3641 :

174 3720 196 3760 ι(
214 3687 378 3766 Necesse
385 3684 563 3794 profecto
575 3711 656 3764 esse
670 3683 859 3764 omnibus
871 3684 1058 3794 deinceps
1072 3687 1221 3767 Catho-

172 3843 194 3885 ι)
223 3811 310 3890 licis
327 3812 397 3919 qui
421 3833 505 3892 sese
526 3811 711 3890 Ecclesise
736 3812 875 3890 matris
893 3812 1090 3918 legitimos
1117 3812 1220 3893 filios

165 3963 167 3966 ι
210 4001 220 4028 ¹
232 3991 321 4058 Ephes.
337 4007 373 4058 rr,
388 3991 475 4060 rr-ri.
486 4017 518 4034 -
530 4003 542 4034 ²
554 3993 668 4048 Vincent.
683 3991 801 4046 tionem.
814 3991 964 4046 commonit.
979 4008 996 4044 r.
