2942 4568
489 375 623 462 (teo)

66 507 171 576 Leone
186 509 463 601 pseudo-pontifex
480 513 652 602 opponitur
663 527 679 588 ,⁴
688 512 747 578 sub
761 485 919 580 Anaeloti
933 517 1081 591 nomines

68 616 155 682 undb
170 617 204 682 in
220 615 399 706 stampensi
415 603 579 694 Concilio,
598 615 761 704 bernardo
772 631 985 705 procurante,
1002 623 1086 710 agni·
1180 683 1183 695 ,

70 734 140 798 tus,
159 720 293 788 Galliam
306 722 411 789 invisit
422 722 631 793 Innocentius
643 772 652 799 ,
665 722 705 788 ab
717 721 849 812 ipsoque
859 722 1012 792 bethario
1025 727 1088 792 Im·

67 820 218 917 pe'ra'toro
232 827 341 898 Romae
357 830 540 905 restitutus,
554 829 671 895 iterbm
683 829 723 894 ab
736 828 891 896 Anaclete
904 831 1082 920 expellitur.

67 932 223 1000 Anacleto
234 947 378 1012 mortuo,
392 935 548 1001 sufficitur
562 935 695 1011 Victor,
709 934 784 1022 qui,
799 947 909 1002 sancto
922 925 1087 1006 bernardo

68 1039 241 1116 suadente,
257 1040 322 1105 veri
339 1039 505 1120 Pontificis
520 1037 884 1128 pedibusprovolutus,
901 1041 1013 1108 falsam
1031 1045 1089 1110 im-

69 1143 130 1232 piae
149 1144 310 1234 dignitatis
325 1142 460 1234 gloriam
478 1144 605 1232 abjecit.
623 1142 749 1208 Bellum
767 1143 847 1232 gerit
862 1146 1091 1235 cumRogerio

68 1243 185 1324 Siciliae
197 1251 306 1328 Duce,
319 1253 373 1340 qui
385 1251 522 1318 Romam
534 1251 683 1318 invadere
698 1251 897 1328 conabatur,
916 1253 1091 1343 captusque

67 1379 256 1422 concessam
275 1357 364 1446 pribs
387 1357 426 1422 ab
440 1358 592 1423 Honorio
608 1357 639 1422 Il
659 1354 775 1422 Siciliae
799 1355 998 1447 aliarumque
1019 1383 1092 1448 pre-

67 1463 491 1552 vinciarumposseasionem
504 1463 684 1531 concedere
697 1463 834 1552 cogitur.
851 1463 918 1530 Sub
931 1461 1000 1553 ejus
1012 1465 1093 1532 Pon·

66 1549 192 1640 tilicatu
208 1568 405 1636 celebratum
418 1583 465 1635 est
484 1590 569 1634 anno
586 1569 669 1655 1139
683 1567 864 1668 §cecilium
881 1566 1094 1638 Lateranense

69 1676 115 1752 ll,
131 1675 280 1764 generale
302 1677 347 1752 X,
372 1699 435 1764 quo
456 1675 615 1742 Arnaldus
633 1676 817 1766 Brisciensis
829 1705 831 1708 ·
845 1675 1013 1743 damnatus
1031 1690 1090 1746 est.

70 1779 241 1862 lllorscjus
253 1780 372 1848 accidit
388 1803 471 1850 anno
489 1781 583 1859 1145.
1113 1793 1115 1798 “

117 1883 312 1949 Caelestinus
324 1883 353 1948 ll
366 1895 550 1971 ,acceptam
563 1883 633 1971 ipso
647 1881 698 1946 die
713 1882 827 1962 mortis
845 1883 968 1960 sedern,
982 1899 1014 1950 et
1028 1886 1094 1976 ipse

70 2002 144 2078 post
160 1991 178 2056 5
202 2014 328 2056 menses
344 1986 534 2076 defunctus,
548 1990 665 2054 amittit
680 1987 765 2054 anno
782 1988 931 2056 videlicet
951 1995 1045 2071 1144.

116 2098 237 2165 Lucius
252 2099 282 2164 ll
297 2122 365 2164 non
382 2099 425 2164 ita
441 2097 617 2187 multbpost
633 2093 776 2173 electus,
800 2121 886 2163 anuo
909 2101 1029 2188 pariter
1045 2125 1092 2168 se·
1128 2085 1132 2092 ’

68 2205 184 2290 'quenti
204 2206 285 2284 1145
304 2205 401 2270 evita
419 2203 557 2270 decedit.

78 2327 79 2334 ¹
118 2309 288 2399 Eugenias
304 2309 370 2386 111,
384 2307 526 2375 Arnaldo
543 2307 1097 2410 Β1110101111110111111011110111110-

73 2435 149 2478 nem
169 2414 340 2490 incitante,
366 2415 398 2478 in
420 2412 556 2478 Galliam
578 2413 728 2478 secedere
746 2415 871 2502 cogitur
879 2439 888 2486 ;
917 2415 971 2480 ubi
987 2422 1005 2479 a
1022 2441 1097 2505 rege

24 2581 25 2588 ,
73 2517 235 2583 Ludovico
251 2517 271 2582 J
274 2519 384 2583 uniere
400 2518 483 2583 bene
498 2528 649 2603 exceptus
669 2515 760 2604 plura
773 2516 915 2584 celebrat
931 2517 1094 2596 Concilio,

72 2621 412 2711 pluribusqueslehinc
424 2623 509 2688 initis
525 2621 753 2691 certaminibus
772 2621 949 2689 Ecclesiam
966 2625 1097 2690 tandem

75 2725 107 2791 S.
123 2725 208 2789 Petri
223 2725 284 2790 sibi
299 2725 450 2800 vindicat.
470 2724 555 2790 Mors
571 2725 641 2812 ejus
657 2747 740 2789 anno
758 2726 841 2790 1155
858 2727 983 2792 accidit.

117 2831 317 2896 Anastasius
340 2831 383 2920 IV
403 2855 468 2919 uno
486 2832 538 2896 vix
553 2853 637 2894 anno
658 2829 883 2897 Pontificatum
900 2833 1041 2909 obtinet,
1058 2845 1097 2919 *et
1180 2815 1182 2820 Ι

74 2935 157 3002 diem
171 2958 354 3024 supremum
371 2937 438 3000 obit
454 2958 539 3001 anno
557 2937 667 3016 1154.1
872 2923 878 2932 “

116 3041 294 3106 Adrianus
307 3042 371 3118 lV,
388 3042 456 3130 ejus
472 3063 655 3116 successor,
677 3041 805 3123 vexatus
829 3040 945 3105 iterum
970 3043 1009 3106 ab
1034 3043 1097 3108 111-

73 3146 168 3212 naldo
184 3132 372 3224 Briscieusi,
390 3149 528 3225 Romam
542 3153 559 3212 11
578 3150 675 3213 s'acris
695 3147 875 3223 interdIcit,
889 3150 1096 3239 quoadusque

73 3255 130 3319 iste
143 3277 218 3320 curn
230 3253 406 3318 fautoribus
418 3251 593 3340 expellatur
601 3277 610 3326 ;
626 3255 679 3342 qui
692 3254 821 3319 tandem
832 3267 944 3342 captus
956 3261 974 3318 1
987 3255 1096 3321 Rome

73 3357 333 3446 Praesecto,igni
356 3357 501 3422 traditur.
526 3353 651 3422 Transit
676 3370 782 3423 autem
798 3357 840 3422 ud
861 3357 965 3424 Deum
981 3357 1097 3424 Adria-

73 3489 132 3530 nus
148 3489 232 3530 anno
254 3466 346 3551 1159.

116 3567 312 3634 Alexander
324 3566 391 3641 lll,
407 3569 424 3628 b
441 3564 600 3656 plerisque
619 3563 841 3631 Cardinalibus
860 3562 986 3652 eligitur
993 3590 1003 3638 ;
1032 3568 1097 3631 00-

73 3678 231 3742 10010001
241 3687 347 3740 autem
360 3674 670 3763 pseudo-pontifexb
683 3672 874 3761 quibusdam
890 3671 948 3736 sub
966 3673 1097 3738 nomine
1190 3760 1194 3768 „

26 3817 28 3824 v
73 3783 219 3848 Victoris
241 3780 295 3848 IV.
315 3778 486 3846 Frederico
507 3781 561 3867 qui
583 3777 665 3844 illius
687 3789 792 3866 partes
816 3772 1036 3865 propugnabat
1056 3777 1095 3844 ab

72 3885 223 3954 Ecclesia
243 3883 469 3950 communione
486 3894 650 3971 separato,
674 3881 715 3945 ita
741 3875 876 3947 Galliam
893 3879 1062 3974 deveniens
1077 3886 1096 3944 a
1198 3957 1201 3970 Ι

144 4101 147 4108 ‚
230 4021 351 4088 Tamus
366 4016 398 4090 V
398 4015 471 4084 III.
622 4047 624 4054 r
830 4091 834 4101 q
900 4018 940 4080 18
