2940 4570
539 343 551 430 l
579 341 639 420 ¹45
664 343 676 429 l

61 477 71 486 '
127 473 1136 568 -Reducittulianosxutsnttbusepiscopisndsunttlicentia.

111 582 339 652 Alexandriam
351 583 547 672 pertransiit,
561 583 615 648 uhi
626 585 668 650 sb
683 586 916 674 Episcoporum
927 583 1066 652 concilio
1078 583 1139 650 dis

112 687 254 752 sidentes
269 697 399 775 propter
411 687 613 754 Eustathium
625 699 658 752 et
674 685 837 754 Meletium
852 688 1082 756 Antiochenses
1098 688 1138 752 ad

115 792 320 860 concordiam
339 791 510 860 revocandi
529 815 646 860 munus
674 795 809 882 accepit.
836 794 917 860 Cum
940 805 1048 860 autem
1072 793 1139 860 An-

116 898 270 964 tiochiam
286 897 458 966 deveniens
474 898 673 964 Paulinumt
690 897 840 966 Lucifero
857 905 1042 988 praepopere
1058 897 1140 963 ordi-

117 1016 231 1068 natum
263 1003 451 1092 reperisset,
476 1027 538 1070 nec
564 1003 747 1070 ordinatum
769 1005 948 1092 suscipere,
970 1027 1031 1070 nec
1053 1003 1141 1068 ordi-

116 1124 247 1180 nantem
259 1112 441 1200 vituperare
452 1109 564 1187 vellet,
576 1109 663 1178 nulla
680 1133 756 1178 cum
771 1111 865 1178 variis
876 1111 1020 1204 partibus
1034 1111 1141 1178 habitat

116 1216 367 1291 communione,
384 1214 544 1284 Vercellas
564 1228 732 1306 peragrato
747 1216 882 1284 Oriente
896 1217 1036 1306 repetiit,
1050 1216 1142 1303 cujus

113 1322 162 1386 ad
175 1321 324 1390 reditum
338 1319 491 1413 lugubres
502 1319 713 1388 uumltulia
725 1325 882 1408 mutauit.
905 1323 1049 1409 (Hieron.
1068 1319 1140 1386 adv.

115 1425 278 1514 Lucifer.)

175 1534 402 1610 Auxentium,
433 1531 701 1601 Mediolanensem
734 1538 919 1627 episcopum
964 1536 1143 1608 Amanum,

120 1641 155 1706 S.
169 1639 286 1708 Hilarii
300 1639 505 1708 Pictaviensis
518 1642 699 1731 exemplum
712 1656 858 1719 secutus,
873 1645 1012 1709 instante
1028 1643 1145 1728 frustrls

117 1745 370 1813 Valentinianol
386 1747 589 1835 imperatore,
603 1771 662 1835 pro
677 1747 818 1836 legitimo
832 1747 953 1813 habere
962 1760 1147 1814 constanter

118 1855 237 1948 renuit.
251 1854 375 1921 Eodem
390 1867 566 1942 regnante,
583 1855 747 1920 confessor
762 1869 794 1920 ct
809 1859 892 1945 pene
913 1867 1036 1944 martyr
1053 1854 1147 1922 occu-

119 1963 205 2038 buit,
218 1983 303 2026 anno
320 1960 438 2026 Christi
457 1961 531 2047 ⁵7¹·

165 2067 271 2134 Pauca
296 2076 469 2154 supersunt
490 2065 618 2132 Eusebii
641 2089 757 2154 opera,
783 2065 933 2133 videlicet
954 2077 993 2130 ι’.
1022 2088 1091 2130 uno
1107 2065 1148 2129 ad

123 2172 349 2238 Constantium
365 2193 460 2260 parra
477 2170 639 2259 epistola;
659 2183 700 2236 2⁰.
724 2171 831 2238 altera
855 2169 893 2236 ad
911 2169 1149 2239 vercellensem

123 2280 265 2369 aliasque
295 2276 405 2344 fideles
431 2277 588 2346 Ecclesias
601 2303 611 2353 t
640 2279 686 2344 ὅθ
709 2295 874 2367 postremo
896 2279 937 2344 nd
960 2279 1151 2368 Gregorium

127 2383 383 2458 illiberitanum,
405 2382 594 2470 inquibus,
616 2381 691 2448 licet
712 2381 930 2457 brevioribus.
949 2381 981 2448 S.
1003 2381 1151 2472 Episcopi

128 2490 252 2566 suum,
277 2490 485 2580 generosique
516 2488 610 2556 simul
638 2488 785 2576 Martyris
815 2487 953 2553 divinam
985 2485 1153 2553 audaciam

7 2619 11 2624 ’
126 2597 304 2666 miraberis.

442 2745 623 2788 norrronns.
655 2744 824 2788 rnncrrun

175 2883 274 2948 Parva
289 2904 359 2970 quae
370 2893 543 2970 supersunt
553 2879 684 2946 Eusebii
692 2881 868 2970 fragmenta
878 2880 1080 2968 reperiuntur
1092 2880 1157 2946 sive

130 2989 218 3080 apud
241 2989 431 3056 Bar-ouium
460 2987 501 3052 ad
530 3011 652 3056 aunum
671 2989 756 3065 556,
773 3002 821 3056 n.⁰
842 3013 907 3078 nn,
934 2988 998 3054 sict
1024 2987 1057 3054 in
1083 2987 1157 3077 ipsis

70 3093 76 3104 '
131 3094 169 3160 B.
190 3091 303 3160 Hilarii
318 3091 522 3182 fragmentis,
537 3115 566 3158 c.
586 3115 620 3158 u.
754 3163 757 3168 ,

595 3255 617 3346 S
640 3253 728 3323 Vlll.
814 3347 817 3358 .

368 3429 511 3496 Sanctus
524 3422 748 3498 Amometus,
766 3443 821 3487 uu.
845 3419 920 3506 575.

581 3603 714 3648 GRAECUS·

179 3773 325 3839 Sanctus
338 3769 544 3839 Athanasius
554 3765 750 3835 Alexandria
762 3775 855 3828 natus
868 3771 915 3827 est
930 3761 1054 3826 incerto
1065 3781 1161 3830 anno,

132 3880 316 3968 ignotisque
331 3877 538 3968 parentibus:
554 3875 623 3965 ejus
639 3887 671 3941 et
694 3870 828 3961 pueritia
844 3876 876 3932 et
892 3867 994 3956 prima
1010 3861 1163 3930 institutio
1266 3897 1270 3912 ·
