2956 4586
816 305 929 394 (2⁶)

355 440 487 508 tisrcem.
501 441 595 514 illurn
604 451 679 512 vcro
687 444 793 534 primo
803 444 953 514 Ecclesiae
961 443 1109 512 soculoin
1118 441 1235 510 Gallias
1243 443 1395 516 venisse,

353 558 384 610 ot
398 545 597 614 Francorum
615 547 709 616 simul
726 547 937 638 Apostolum,
954 549 1160 638 primumque
1171 547 1395 614 Parisiensem
1458 569 1460 618 ;

353 651 540 740 episcopum
550 654 698 731 evasisse,
707 677 771 720 non
780 666 885 743 potest
893 651 1102 744 probabiliter
1114 652 1256 730 defendi,
1270 673 1395 741 quam-

353 757 399 822 vis
414 756 493 824 illud
509 766 526 826 ὲ
543 759 688 849 pluribus
704 761 959 850 martyrologiis,
976 773 1009 828 et
1029 761 1204 851 praesertim
1220 767 1238 826 a
1257 773 1393 848 marty·

353 861 476 954 rologio
493 863 640 932 Romano
654 881 812 932 asseratur
826 917 835 943 ‚
852 873 926 934 cum
942 865 1037 934 facilc
1053 865 1267 934 demonstrari
1281 869 1393 958 possit

352 968 542 1059 Dionysium
559 973 792 1050 Purisiansam,
812 971 941 1040 labante
963 971 1072 1040 saculo
1095 974 1212 1050 tertio,
1234 969 1285 1039 vel
1304 973 1393 1039 iuci-
1453 1027 1461 1048 ,,

253 1097 258 1108 ’
352 1075 461 1164 pionte
473 1091 586 1167 quarto
598 1080 696 1146 vitam
708 1080 861 1169 martyrio
874 1084 1122 1146 consummasse.
1131 1078 1250 1167 Martyr
1261 1079 1392 1167 pariter
1451 1074 1455 1083 “

354 1181 527 1272 Dionysius
558 1183 747 1276 Areopagita
774 1186 951 1264 occubuit,
973 1185 1156 1252 Domitiano
1179 1185 1388 1274 imperanto,
1460 1187 1461 1213 ¹

353 1289 387 1355 id
404 1302 475 1368 ost,
496 1291 581 1358 circa
598 1315 718 1358 aunum
734 1294 802 1382 96,
826 1317 890 1382 quo
906 1291 1045 1360 crudelis
1064 1290 1119 1358 illc
1142 1292 1313 1360 defunctus
1335 1305 1388 1358 est

227 1421 229 1428 ⁴
352 1407 550 1478 persecutor.
1459 1455 1460 1460 ,

399 1503 471 1571 Nou
484 1506 585 1602 nostri
601 1519 648 1574 ost
662 1507 797 1574 instituti
805 1507 988 1598 expendero
998 1559 1007 1586 ,
1018 1513 1126 1576 utrum
1133 1514 1242 1574 raverit
1257 1503 1384 1594 Diony·

354 1609 417 1674 sius
440 1610 631 1703 Areopagitas
646 1615 827 1706 scripserit,
841 1637 911 1704 quae
926 1637 1014 1683 nuno
1029 1617 1088 1682 sub
1104 1619 1174 1706 ejus
1190 1615 1320 1682 nomina
1331 1635 1384 1678 su·
1400 1620 1406 1646 ²

353 1728 486 1802 persunt
502 1742 615 1808 operar
635 1721 772 1789 sufficiet
785 1734 939 1788 annotare
953 1775 962 1801 ,
985 1735 1029 1789 1.⁰
1040 1721 1093 1788 illa
1106 1743 1202 1811 opera
1215 1718 1327 1786 saltam
1340 1719 1382 1782 ad

353 1843 473 1887 anuum
494 1813 623 1891 circite'r
639 1827 702 1892 500
718 1851 787 1894 esso
802 1827 971 1920 resonando
984 1880 993 1905 ,
1011 1832 1087 1896 oum
1101 1851 1139 1893 ex
1154 1827 1216 1894 hoc
1235 1812 1382 1915 tompore

353 1924 392 1988 ab
414 1928 562 1994 omnihus
585 1930 739 2019 Dionysio
757 1931 957 2007 tribunatum
978 1944 1024 1997 r.⁰
1044 1929 1097 1998 illa
1114 1931 1210 1996 etiam
1231 1953 1295 1996 non
1312 1951 1380 1996 csso

354 2034 608 2110 contemnenda,
622 2039 698 2100 cum
714 2034 955 2124 qualiscumque
968 2059 1080 2102 eornm
1090 2049 1214 2114 auctor,
1225 2035 1264 2100 ab
1282 2035 1380 2102 Anas·

353 2137 433 2200 tasio
449 2137 569 2203 Sinaitai
583 2137 945 2208 dicaturoetabarrimns
959 2165 1071 2206 rernm
1080 2141 1279 2206 divinarum
1291 2164 1379 2231 mys·
1458 2135 1460 2168 ³

355 2255 422 2318 tus;
441 2243 636 2334 (Contempl.
647 2243 746 2334 Anag.
758 2247 790 2310 iu
807 2246 1005 2334 chniim.)n
1024 2245 1177 2335 Gregorio
1186 2269 1302 2336 magno
1313 2269 1378 2310 an-

355 2348 464 2436 tiquos
473 2352 746 2438 venerandisque
758 2367 855 2440 poter
866 2351 909 2440 (2.
920 2352 1014 2417 Hom.
1027 2353 1079 2432 sl..
1092 2351 1258 2418 daDrach.
1270 2353 1377 2442 perd.)
1389 2439 1391 2444 Ι

353 2461 370 2520 a
382 2455 415 2522 S.
428 2455 765 2524 Jonnne'Damascsuo
775 2458 925 2536 divinus,
938 2459 1178 2535 sanctissimus,
1191 2473 1220 2524 et
1232 2458 1382 2546 eloqueas·
1454 2489 1461 2525 ‚r

354 2563 500 2628 tissimus
515 2563 713 2652 Dionysias,
731 2564 860 2628 diuinis
878 2563 974 2627 robus
989 2562 1167 2626 abandons
1179 2563 1381 2652 profundus·
1460 2635 1461 2642 χ

353 2691 432 2754 qua,
446 2668 490 2755 (5.
503 2667 629 2732 orntds
640 2665 891 2756 fideidesunot.)
903 2673 920 2731 a
934 2664 1076 2731 secundo
1088 2665 1225 2754 deniquo
1242 2665 1379 2734 concilio
1460 2679 1461 2696 ¹

239 2860 241 2870 ,
355 2769 665 2852 Nicoeaecolsbrnto,
683 2774 823 2864 generali
838 2797 901 2850 vn,
920 2784 1004 2839 aurio
1026 2775 1110 2861 787,
1136 2775 1283 2864 Magnus
1296 2775 1379 2842 Dio·

354 2881 491 2972 nysius,
514 2881 648 2970 ejusque
670 2881 776 2946 verbis
800 2903 911 2946 omues
927 2865 1081 2968 praecitati
1098 2893 1229 2946 utantur
1244 2881 1285 2946 ad
1300 2905 1378 2948 con·-

318 3055 320 3060 ,
354 2985 511 3053 firmanda
539 2988 615 3055 fidei
643 2987 801 3076 dogmata.
831 2985 1012 3053 Fatendum
1041 2999 1088 3052 est
1114 2987 1211 3076 igitur
1236 2985 1288 3052 illa
1311 3010 1374 3051 non

354 3101 483 3185 prorsus
498 3093 584 3164 lactu
598 3095 752 3186 indigna,
781 3119 820 3162 ao
841 3093 977 3186 proiudc
995 3091 1121 3160 silentio
1138 3095 1271 3162 minimo
1297 3117 1378 3184 prm-

354 3201 571 3267 tcrmittenda.
850 3207 851 3210 ’
1092 3206 1096 3216 ’

399 3308 533 3398 Scripsit
547 3309 644 3400 igitur
659 3309 831 3397 Dionysius
846 3309 1057 3400 Areopagita,
1074 3309 1139 3374 siva
1154 3308 1304 3395 antiquus
1319 3307 1375 3372 suh

355 3415 424 3504 ejus
447 3416 577 3482 nomina
599 3427 731 3492 auctor,
758 3427 802 3480 1.⁰
821 3413 941 3481 librum
960 3417 1000 3480 da
1023 3415 1142 3480 roelasta‘
1163 3411 1376 3487 hierarchias,

355 3521 411 3585 ubi
426 3520 601 3610 praesartim
614 3519 654 3585 dc
667 3517 796 3608 Angelis
812 3518 953 3594 disserit3
975 3531 1020 3586 s.⁰
1035 3519 1076 3584 do
1090 3517 1306 3584 ecclesiastico
1317 3517 1380 3583 iria

354 3625 513 3702 raschin,
542 3625 596 3690 ubi
622 3625 662 3690 da
690 3626 897 3692 sacramentis
928 3633 961 3690 ot
995 3625 1193 3690 ordinatione
1216 3647 1378 3690 sacrorum

355 3729 503 3823 Eonlosiae
524 3729 742 3795 ministrorum
770 3751 952 3794 sermonem
978 3728 1098 3802 hahet3
1124 3721 1230 3804 3.⁰,dc
1253 3728 1378 3794 dicistis

355 3837 566 3914 nominibus,
580 3837 636 3901 ubi
650 3837 736 3903 varia
749 3837 809 3903 Doi
820 3837 950 3902 nomina
963 3833 1115 3926 explicam
1131 3837 1179 3915 4⁰
1191 3835 1231 3900 do
1242 3838 1377 3924 mysticat
1458 3885 1459 3892 κ
