2990 4570
441 317 443 321 ,
539 189 559 348 ¹(
586 263 682 349 215)

109 399 153 462 ris
168 422 288 464 nomen
307 387 448 474 inraditss
466 397 522 464 sed
544 421 627 464 anno
650 399 715 484 474
735 395 913 484 deponitur,
931 397 972 462 ad
992 395 1128 464 Salonina

108 503 140 568 in
156 501 316 568 Dalmatiat
328 505 546 591 episcopatum
561 500 760 575 transfertur.

153 607 269 674 Julius
291 607 397 696 Nepos
428 609 467 672 ab
492 630 575 672 anno
609 609 675 692 474
703 629 836 694 regnum
860 617 997 694 occupat
1029 612 1131 693 usque

110 709 151 774 ad
168 733 290 776 annum
304 713 383 798 475,
395 735 459 799 quo
474 711 507 776 in
521 709 733 785 Dalmatiam,
752 707 927 777 rebellante
940 709 1054 775 Oreste
1069 709 1130 774 Pa-

110 813 229 909 tricio⁸
249 816 399 904 profugit.
433 815 526 880 Auno
547 820 672 880 tantum
701 817 765 894 480
786 814 908 880 occisus
931 815 1029 880 vitam
1051 837 1131 880 con-

109 931 260 986 summai.

155 1021 364 1110 Augustulus
379 1033 450 1110 post
465 1043 565 1088 uuum
586 1021 675 1110 regui
690 1044 809 1088 aunum
824 1021 864 1086 ab
879 1020 1031 1089 Odcucro
1045 1020 1130 1086 Tur-

111 1125 303 1218 cilingorum
328 1137 361 1192 ct
382 1124 575 1192 llerulorurn
589 1149 665 1215 rege
679 1121 874 1202 debellatur,
891 1125 946 1214 qui
967 1125 1049 1214 regis
1064 1125 1129 1192 ltn-

109 1230 161 1298 liae
179 1238 306 1306 uatum
330 1233 390 1298 sihi
413 1255 532 1300 nomen
551 1233 731 1302 vindicavit.
755 1233 836 1314 llinc
857 1233 1012 1300 exstincto
1032 1231 1130 1300 Occi-

114 1337 218 1404 dentis
234 1338 370 1428 imperio
382 1352 624 1406 successerunt:

322 1539 325 1543 ’
457 1543 609 1610 lTALlAE
632 1542 779 1610 REGES.

155 1726 327 1816 Odoacrem
337 1753 356 1816 t
368 1747 568 1818 Theoderico
582 1749 849 1836 ostrogothorum
860 1771 935 1898 rege
950 1749 1128 1819 debellatur

109 1865 143 1918 ct
158 1853 318 1920 occiditur
331 1877 416 1920 anuo
428 1856 504 1942 495.

156 1957 355 2034 Theoderici
366 1981 501 2049 reguum
515 1961 548 2027 in
557 1957 701 2028 seculum
715 1981 850 2046 §Quom
864 1959 1060 2048 producitur.

336 2168 625 2240 Grttrcutr
647 2167 833 2252 REGNUM.

152 2325 537 2440 luitioejusdemseculi‚
549 2353 828 2432 pharamundus,
844 2353 1127 2446 populihellatoris

108 2447 193 2528 dux,
209 2451 318 2542 plures
336 2455 511 2526 Galliarum
528 2469 666 2550 occupat
686 2459 880 2546 prouincias,
905 2469 1129 2548 sceptrumque

107 2557 303 2648 armigerum
317 2568 416 2654 usque
429 2561 469 2632 ad
482 2585 600 2631 annum
612 2566 676 2652 4²7
689 2561 886 2630 moderatur.

152 2659 292 2739 Clodio,
310 2678 472 2760 susceptas
488 2666 557 2756 ejus
572 2667 657 2735 viocs
670 2677 773 2732 morte
789 2665 905 2761 amittit
930 2687 1014 2732 anno
1025 2667 1092 2748 448
1096 2713 1103 2730 .

152 2765 358 2848 Morovoeus,
373 2773 442 2862 ejus
461 2795 648 2848 successor,
670 2771 805 2860 imperat
830 2770 989 2864 usquead
1012 2793 1130 2837 annum

107 2870 183 2947 456.

153 2973 364 3042 Clsildcricus
377 2977 410 3053 l,
427 2999 560 3065 rognum
578 2965 729 3065 usquead
744 3001 863 3042 annum
879 2975 945 3076 481
963 2978 1122 3076 producit.

154 3077 500 3170 consonantque
516 3080 549 3158 1¹
566 3081 620 3170 qui
636 3081 669 3152 s.
690 3079 834 3146 cnutus
855 3083 1003 3172 proauus
1019 3083 1060 3149 aa
1078 3108 1130 3149 re-
1253 3067 1257 3078 ’

108 3178 262 3270 ligionem
283 3183 488 3258 christianam
506 3181 663 3250 adductus
676 3194 748 3259 ost,
767 3181 902 3271 glorioso
917 3183 957 3250 to
974 3207 1130 3259 annorum

108 3286 243 3373 imperio
257 3311 367 3353 omnes
381 3285 497 3363 Gallias
510 3309 574 3350 suae
589 3287 719 3377 subjicit
732 3286 856 3364 ditioni,
869 3285 1130 3378 Francorumquo

110 3413 228 3460 nomeu
251 3391 285 3456 in
307 3392 490 3466 universum
504 3391 616 3456 orbem
628 3413 803 3492 propagare
823 3389 945 3492 incipit.
963 3391 1046 3483 Mors
1062 3393 1131 3480 ejus

113 3494 153 3559 ad
168 3495 313 3564 seculum
333 3521 467 3586 sequens
483 3497 629 3586 pertinet.

154 3600 241 3679 Hinc
260 3597 426 3678 Gallorum
448 3593 618 3690 imperium
631 3623 670 3668 ex
684 3597 870 3678 Occidentis
886 3597 1011 3688 imperii
1031 3600 1131 3670 ruinis

110 3705 248 3794 primum
259 3716 406 3771 exortum
421 3704 516 3770 luisse
532 3703 646 3771 morito
659 3702 897 3794 praedieanduru
914 3715 971 3767 est.
