2940 4570
534 386 669 472 (¹5¹)
771 311 773 320 Ι

89 555 104 606 a
135 551 203 594 non
227 527 364 595 muitum
392 529 541 594 videntur
567 533 585 591 a
613 523 846 616 consuetudine
873 523 942 590 esic
970 521 1117 590 helluinus

91 662 104 692 ι
136 633 356 702 oblectationis
372 633 513 700 aliena...
532 633 626 700 Undat
638 655 704 699 non
725 633 869 719 ineptam
891 630 975 697 lianc
992 632 1119 719 sapim·

94 771 125 804 s.
141 745 228 822 tium
242 767 311 810 csse
326 743 514 809 sententiam
537 754 570 806 et
586 739 733 806 inutilem
747 739 938 815 existimavi,
951 739 1119 804 conscien-

96 878 111 911 »
142 852 219 916 tiam
234 851 274 916 ab
290 851 378 916 omni
391 848 485 938 culpi
504 847 639 913 liberam
655 871 867 923 conservare,
884 859 917 912 et
931 869 1041 913 omnes
1057 847 1120 912 hn-

100 985 114 1017 »
145 957 327 1022 manaevitae
343 953 504 1022 molestias
513 951 562 1019 vel
577 952 746 1042 providere
757 951 1011 1040 prudenter,vel
1022 952 1121 1017 vitare
1173 957 1197 1004 ἰ

101 1091 116 1124 ι»
146 1061 307 1138 consulte,
324 1061 374 1128 vel
386 1061 470 1134 serra
491 1059 661 1148 patienter.
686 1057 808 1124 Tamen
828 1057 861 1124 hi
879 1059 939 1146 ipsi
956 1081 1019 1123 non
1046 1059 1121 1123 satis

93 1201 107 1232 a
139 1172 218 1237 mihi
230 1171 337 1237 idonei
353 1171 394 1236 ad
409 1172 493 1236 benc
507 1171 666 1256 beateque
686 1165 858 1234 vivendum
872 1177 1018 1233 auctores
1033 1166 1120 1232 vide-

94 1307 108 1338 »
138 1277 311 1342 banton...
342 1275 528 1341 Festinabat
551 1274 677 1338 animus
704 1293 769 1337 non
797 1269 866 1350 hec
895 1272 1120 1341 tantummodo

95 1407 108 1440 s
139 1401 260 1467 agere,
281 1401 352 1466 que
375 1400 441 1442 non
462 1377 563 1466 egisse
585 1387 617 1441 et
643 1373 814 1440 criminum
836 1371 969 1463 plenum
989 1386 1072 1442 esset
1091 1387 1125 1440 et

96 1511 110 1545 a
141 1481 316 1548 dolorum:
334 1481 392 1547 sed
408 1481 496 1547 hunc
516 1480 596 1546 tanti
612 1479 754 1545 muneris
771 1479 874 1544 Deum
894 1492 1125 1568 parentemque

38 1633 41 1640 .
96 1617 109 1650 a
140 1573 358 1676 cognoscere,¹
379 1587 431 1654 cui
457 1609 492 1652 se
510 1597 615 1652 totum
630 1584 697 1674 ipse
719 1583 871 1662 deberet,
890 1587 943 1652 cui
967 1583 1123 1652 famulans

96 1727 108 1756 s
141 1693 376 1764 nobilitandum
392 1717 425 1762 se
441 1695 652 1771 existimabat,
666 1693 706 1760 ud
723 1718 818 1782 quem
837 1719 965 1762 omnem
977 1697 1043 1786 spei
1062 1721 1127 1764 suas

98 1832 111 1864 a
142 1803 331 1891 opinionem
342 1801 493 1877 referret,
510 1801 543 1866 in
559 1801 651 1889 cujus
666 1799 809 1866 bonitate
827 1801 1030 1868 intentantes
1048 1811 1126 1892 prte-

91 1936 111 1968 -s
140 1907 279 1973 sentium
310 1907 514 1994 negotiorum
540 1902 740 1970 calamitates
772 1912 925 1992 tanquam
962 1907 1123 1998 tutissimo

98 2043 111 2076 s
137 2013 196 2079 sibi
211 2023 309 2102 portu
326 2004 537 2100 familiarique
556 2011 780 2098 requiesceret.
801 2010 852 2080 Ad
864 2012 952 2080 hunc
967 2015 1064 2103 igitur
1076 2015 1126 2081 vel

98 2151 111 2182 s
140 2117 383 2207 intelligendum
399 2168 407 2194 ,
422 2115 471 2185 vel
487 2117 746 2206 cognoscendum
761 2118 867 2184 studio
878 2119 1125 2210 flagrantissimo

99 2257 112 2289 a
143 2222 525 2292 acce'ndebatur...Porro
538 2223 804 2290 autemDivinum
819 2235 854 2288 et
863 2223 1032 2308 AEternum
1044 2225 1124 2291 nihil

100 2361 114 2393 »
143 2332 204 2398 nisi
233 2353 333 2396 unum
362 2354 431 2397 esse
462 2342 495 2396 et
513 2329 708 2397 'indifferens
736 2355 795 2420 pro
822 2344 911 2397 certo
942 2332 1120 2398 habebat...

101 2467 115 2497 s
144 2436 249 2524 Atque
264 2437 306 2502 ita
319 2435 588 2525 omnipotentiam
596 2437 872 2524 aeternitatemque
885 2461 948 2506 non
957 2438 1018 2502 nisi
1029 2460 1126 2525 penes

100 2571 114 2602 »
144 2565 245 2606 unum
268 2565 354 2619 esso,
375 2543 449 2629 quia
465 2563 569 2628 nequa
586 2541 619 2606 in
636 2541 866 2630 omnipotentia
886 2539 1020 2608 validius
1036 2543 1126 2608 intir-

98 2680 113 2712 s
143 2651 312 2736 miusque,
339 2660 445 2738 nequo
476 2650 518 2714 in·
534 2650 712 2714 aeternitate
738 2649 895 2737 posterius
924 2651 1128 2738 anteriusqua

99 2786 113 2818 s
144 2767 356 2844 congrueret:
376 2755 409 2819 in
429 2753 497 2818 Deo
514 2767 622 2820 autem
644 2754 723 2820 nihil
746 2756 804 2821 nisi
826 2767 981 2822 aeternum
996 2769 1124 2846 potens-

99 2893 113 2925 »
144 2887 207 2952 que
223 2883 291 2928 esse
303 2859 531 2926 venerandum.
553 2860 631 2928 Haec
650 2861 746 2949 igitur
761 2860 925 2950 multaque
940 2861 1000 2928 alia
1011 2863 1127 2951 hujus-

101 2959 115 3029 ἢ
144 2965 231 3032 modi
249 2987 330 3040 ,cum
348 2961 455 3027 animo
478 2973 628 3050 reputans
652 2965 749 3030 incidi
771 2965 803 3036 in
826 2988 880 3030 eos
900 2963 998 3052 libros
1014 2973 1125 3054 quos’t
1190 2971 1196 2974 ’

98 3103 112 3136 s
144 3071 244 3138 Moise
259 3082 354 3156 utque
373 3075 391 3132 a
408 3067 576 3156 Prophetis
601 3069 735 3157 scriptos
761 3091 829 3135 esse
850 3070 1059 3136 ,Haebrecrum
1074 3095 1128 3138 re-

100 3210 113 3240 »
137 3173 399 3268 ligio'tradebat3
426 3174 459 3239 in
484 3174 618 3261 quibus,
641 3176 709 3264 ipso
727 3175 880 3242 Creatore
900 3177 969 3244 Deo
990 3189 1127 3246 testante

95 3314 110 3345 ι
143 3284 184 3348 de
201 3305 253 3356 se,
280 3279 349 3346 haec
369 3279 412 3344 ita
429 3279 701 3347 continebantur:
719 3283 883 3373 Egeram
905 3284 964 3370 qui
978 3305 1062 3348 sum.
1087 3284 1128 3348 Et

96 3419 109 3451 a
142 3391 271 3454 rursiam
282 3409 290 3451 ε
300 3387 382 3451 Hoec
397 3385 485 3450 dicas
496 3383 580 3473 fitia
590 3387 719 3462 Israel,
736 3389 894 3460 naisitano
904 3389 1018 3454 advos
1030 3390 1058 3454 is
1069 3391 1128 3475 qui

94 3525 108 3556 s
142 3507 199 3561 cst.
222 3496 345 3584 (Excd.
373 3497 404 3562 ὅ.
421 3497 433 3584 )
453 3493 635 3583 Admiratus
658 3513 730 3560 sum
750 3489 845 3581 plane
859 3498 927 3562 tim
946 3491 1126 3557 absolutam

95 3629 108 3661 a
144 3598 185 3664 dc
209 3599 277 3667 Deo
299 3601 584 3692 significationem,
611 3621 681 3686 quae
708 3609 830 3664 naturae
858 3599 971 3664 divine
1000 3599 1126 3668 iucem·
1267 3658 1269 3664 ,

97 3735 110 3767 a
141 3705 397 3803 prehensibilem
412 3707 627 3796 cognitionem
644 3703 805 3792 aptissimo
820 3703 861 3770 ad
884 3703 1126 3794 intelligentiam

93 3839 107 3872 s
143 3810 319 3878 humanam
342 3835 488 3880 sermone
504 3811 725 3900 loquereturu..
758 3809 822 3875 Sed
834 3809 1077 3908 magnificentie
1094 3801 1144 3876 et¹

96 3946 109 3980 a
140 3915 267 3983 virtutis
283 3941 348 3985 suaa
361 3925 464 3996 ‚erata
479 3919 573 3985 nohis
585 3914 962 4010 opus'intelligandmn...
996 3919 1044 3982 Et
1057 3943 1128 3984 cecc
