2940 4570
440 325 443 332 '
555 318 693 407 (¹⁰⁵)

101 471 167 520 non
191 452 300 524 animo
317 461 464 531 tantiam,
489 455 546 522 sed
559 459 704 525 moribus
722 457 845 536 ebibit,
873 469 909 524 ut
924 445 1134 526 insultantem
1183 547 1186 554 ,

98 574 246 628 scortum
273 587 337 630 non
363 561 592 654 contempserit
616 565 738 643 modo,
766 563 822 634 sed
849 563 989 656 maligno
1006 563 1131 656 spiritui

98 663 251 732 traditam
265 679 337 734 ante
351 667 447 756 pedes
463 667 570 734 subito
585 669 792 760 prostraverit

148 767 309 860 Baptismo
334 773 469 852 tinctus,
496 775 723 864 priusquami
752 775 895 844 Caesaresi
929 766 1132 862 discederet,

102 877 273 968 Origenem
293 894 481 968 praesentem
505 887 620 972 magni
644 889 823 951 convocati
845 883 1024 973 frequentis
1047 879 1134 950 cele-

101 981 224 1058 brarit,
239 983 330 1072 eique
346 985 462 1074 gratias
477 986 542 1074 egit
553 986 670 1075 insigni
689 1009 836 1054 sermone
847 988 1039 1078 panegyrico
1052 1035 1062 1062 ‚
1077 985 1133 1074 qui

29 1126 39 1164 χ
99 1087 274 1152 etiamnum
293 1079 414 1165 exstat,
439 1101 471 1154 et
488 1095 506 1154 a
526 1087 694 1180 Pamphilo
718 1089 872 1182 apologiae
892 1091 1040 1181 Origenis
1065 1090 1133 1179 pri-

99 1189 173 1257 dem
189 1192 328 1259 insertus
343 1193 413 1260 fuit.
430 1193 554 1262 Absens
567 1193 642 1262 inde
654 1207 686 1262 et
698 1194 826 1262 latitans
838 1203 856 1262 d
870 1195 1035 1262 Phaedimo
1046 1193 1132 1284 epis-

98 1321 181 1386 copo
196 1299 321 1388 primus
334 1299 597 1368 Neocaesariensis
610 1303 757 1392 pontifex
768 1303 890 1372 electus
906 1315 973 1382 cst,
991 1302 1067 1372 licet
1080 1302 1132 1368 vix

100 1403 333 1494 septemdecim
344 1411 413 1472 tiam
425 1407 459 1474 in
473 1407 536 1476 heic
548 1408 627 1474 urbe
640 1423 887 1477 numerarentur
900 1408 1084 1476 Christiani.
1122 1451 1125 1458 ·

146 1509 346 1577 Gumautem
355 1515 475 1594 analo
487 1527 706 1592 consecratus,
720 1515 752 1582 in
764 1511 952 1582 elucidandt
963 1512 1037 1579 fidei
1047 1511 1130 1580 doc-

98 1617 182 1702 trint
198 1629 425 1707 pernoctaret,
442 1620 591 1710 apparuit
611 1618 673 1698 illi,
696 1621 780 1688 inter
795 1619 982 1688 circumfusi
998 1617 1130 1686 luminis
1218 1685 1220 1692 ,

97 1721 204 1788 radios
233 1735 336 1790 mater
361 1725 491 1792 Domini
517 1749 592 1794 cum
616 1725 741 1794 Joanne
768 1726 979 1818 evangeliste,
1003 1733 1020 1792 t
1042 1747 1129 1815 quo,

100 1826 199 1892 Marici
215 1827 349 1924 jubente
360 1831 512 1920 „dictata
527 1831 667 1921 suscepit
681 1832 855 1921 mysteria,
872 1855 1034 1920 manuque
1049 1853 1130 1896 con-

101 1931 221 2020 scripta
255 1935 319 2000 suis
341 1934 375 2000 in
398 1935 487 2004 hunc
507 1935 641 2002 modurn
666 1937 903 2004 successoribus
928 1936 1127 2002 transmisits

98 2065 112 2098 s
146 2037 235 2106 Unus
256 2053 304 2108 est
318 2038 405 2106 Deus
422 2039 518 2107 Pater
541 2042 628 2108 verbi
649 2043 806 2120 viventis,
828 2043 988 2134 sapientiae
1009 2041 1129 2106 subsis-

99 2173 113 2208 ι
146 2145 242 2212 tentis
256 2145 471 2234 etpotentiae,
508 2145 645 2236 tligurae
661 2147 980 2238 aeternae,perlectus
997 2145 1128 2238 perfecti

102 2283 115 2315 s
147 2254 290 2344 genitor,
307 2253 401 2322 Pater
416 2254 475 2322 Fili
505 2255 671 2346 unigeniti.
691 2242 779 2322 Unus
794 2256 970 2334 Dominus,
989 2253 1073 2320 solus
1090 2277 1129 2322 ex

101 2388 115 2420 s
146 2357 237 2436 solo,
257 2359 344 2426 Deus
364 2361 404 2428 de
419 2361 467 2428 De
504 2413 514 2438 ‚
535 2361 639 2452 figura
658 2374 691 2428 et
707 2363 810 2452 imago
823 2359 972 2436 deitatis,
992 2359 1128 2427 verbum

99 2491 114 2524 s
144 2463 279 2542 efficax,
319 2465 473 2554 sapientia
505 2467 739 2534 constitutionis
772 2488 881 2532 rerum
908 2463 1127 2530 universarum

98 2597 113 2630 s
144 2569 427 2661 comprehensiva,
452 2583 485 2637 et
504 2572 649 2662 potentia
665 2571 762 2636 totius
784 2581 939 2636 crenturae
959 2566 1126 2642 effectrix,

96 2703 111 2736 s
144 2673 245 2742 Filius
260 2698 353 2744 verus
373 2676 438 2742 veri
463 2675 585 2754 Patris,
602 2677 705 2742 risum
721 2673 919 2764 effugientis,
944 2686 977 2740 et
992 2694 1129 2762 corrup·

96 2782 224 2864 stioni
239 2807 305 2850 non
320 2783 478 2850 obnoxius
498 2807 563 2850 non
580 2782 710 2848 obnoxii
730 2781 930 2872 corruptioni
945 2831 954 2858 ,
977 2793 1010 2850 et
1031 2779 1141 2872 morti,

97 2916 111 2948 s
143 2911 212 2954 non
230 2888 385 2954 obnoxius
406 2888 503 2980 morti
525 2909 596 2952 non
624 2885 773 2964 obnoxii,
801 2897 833 2952 et
849 2898 986 2952 aeternus
1003 2881 1123 2952 aeterni.

95 3021 110 3053 s
146 2991 235 3056 Unus
250 2991 386 3080 Spiritus
403 2991 541 3058 Sanctus
554 3013 597 3057 ex
611 2990 680 3056 Deo
696 3001 803 3058 ortum
814 3001 846 3056 et
858 2988 1058 3056 existentiam
1071 2987 1128 3054 ha·

15 3169 18 3176 ,
94 3123 109 3156 ι
141 3095 377 3184 hens,quique
392 3118 451 3184 per
466 3094 583 3160 Filium
600 3091 747 3184 apparuit
758 3091 906 3160 videlicet
921 3080 1126 3184 hominibus:
1217 3129 1230 3164 ·.

96 3228 110 3260 s
145 3200 252 3288 imago
263 3198 336 3266 Filii
351 3199 486 3288 perlecti
498 3199 639 3288 perlecta
652 3249 662 3276 ,
678 3198 742 3264 vita
753 3197 928 3264 viventium
940 3185 1048 3274 causa,
1057 3197 1128 3264 lons

97 3299 116 3364 ι’
142 3317 293 3382 sanctus,
318 3305 580 3373 sanctificationis
596 3303 850 3394 suppeditatrix,
874 3326 1045 3393 perquam
1057 3326 1129 3367 ma-

99 3438 113 3470 »
146 3409 414 3477 nisestaturDeus
429 3408 548 3486 Pater,
564 3409 619 3500 qui
635 3421 683 3476 est
695 3408 908 3498 superomnia
926 3420 958 3474 et
973 3409 1006 3474 in
1022 3407 1128 3474 omni-

96 3544 110 3578 s
143 3515 207 3584 bus
221 3567 230 3596 ,
244 3530 277 3585 et
291 3517 378 3586 Deus
393 3515 494 3584 Filius
511 3541 568 3608 per
588 3517 696 3584 omnia
707 3527 886 3606 permonet.
899 3513 1038 3582 Trinitas
1052 3538 1129 3604 per-

93 3651 107 3685 s
138 3620 224 3688 iectu
239 3645 310 3711 quae
324 3621 424 3712 glorid
440 3633 536 3712 atque
550 3619 728 3689 aeternitate
740 3632 773 3688 et
784 3641 883 3709 regno
895 3642 961 3686 non
976 3619 1128 3686 dividitur

92 3754 106 3786 s
139 3748 244 3814 neque
263 3725 470 3820 abalienatur.
490 3727 575 3816 Ergo
592 3748 699 3815 neque
715 3734 859 3792 creatum
879 3723 1055 3816 quidquam
1070 3734 1127 3788 aut

91 3859 105 3892 s
137 3851 267 3899 servum
290 3833 322 3900 iu
346 3831 588 3910 Trinitateest,
607 3855 713 3922 neque
732 3829 927 3898 adscititium
949 3827 1126 3920 quidquam
1224 3829 1231 3846 ¹
