2956 4586
752 327 862 413 (¹⁸)

223 463 225 468 ’
303 461 467 529 christiani
482 460 747 540 declinavarunt,
771 483 908 552 quorum
920 461 1075 552 praecipui
1093 474 1189 539 sunt,
1205 462 1327 528 Simon
1348 473 1352 480 '

300 567 440 659 Magus,
458 568 665 646 Menander,
681 567 873 644 Nicolaitae,
888 567 1058 634 Corinthii
1072 566 1293 634 olitionem.

350 684 394 738 t.⁰
416 672 536 737 Simon
556 672 677 763 Magus
699 672 816 738 erravit
835 671 868 736 in
889 693 928 738 eo
950 672 1037 759 qubd
1057 670 1194 760 spiritus
1217 669 1328 756 Soaeti

198 845 205 867 Ι
274 839 276 848 ,
300 779 552 868 μειιίαωρωιὶο
578 780 671 846 vendi
696 801 788 870 possa
804 779 1030 856 arbitraretur,
1050 780 1136 848 uude
1154 775 1328 846 Simonia-

302 910 419 952 oorum
433 909 562 952 nomen.
591 887 660 952 lmb
680 897 712 950 et
728 885 868 952 divinam
890 887 1115 954 auctoritatem
1132 886 1326 962 affectabat,

302 992 358 1056 sad
374 990 522 1080 precibus
535 991 567 1057 S.
588 989 673 1057 Petri
687 991 831 1080 dejectus
846 1003 894 1058 est
905 1004 937 1058 et
949 993 1170 1082 interemptus.

348 1110 395 1163 2?
416 1097 627 1175 Menander,
653 1096 792 1163 Simonis
819 1096 1019 1186 discipulus,
1045 1098 1157 1164 mundi
1184 1097 1328 1164 Salvator

300 1203 411 1268 haberi
434 1201 666 1280 contendebat,
689 1203 868 1292 falsumque
891 1203 1080 1272 infundebat
1100 1204 1326 1294 baptismum,

301 1310 354 1375 cui
367 1309 450 1374 inter
465 1307 542 1373 ulios
559 1305 719 1374 mirabiles
735 1307 868 1376 allectus
884 1308 972 1404 bunc
987 1310 1184 1399 praecipuum
1204 1309 1327 1374 tribua-

300 1417 374 1491 bat,
395 1413 481 1503 qubd
496 1427 632 1480 mortam
649 1426 681 1480 at
697 1423 928 1486 seneotutamb
949 1418 1195 1508 suscipientibus
1220 1411 1326 1484 ramo-

299 1531 397 1586 verat.

347 1625 396 1693 5.⁰
418 1623 451 1696 N
453 1627 595 1693 ἰυοὶιιῑιω
605 1626 646 1692 de
661 1626 777 1716 quibus
793 1629 914 1696 mentio
930 1627 968 1694 fit
981 1628 1067 1718 apud
1083 1627 1325 1719 Apocalypsim,

303 1739 381 1826 (eat
391 1731 461 1802 ott.
475 1739 666 1826 )quosqueb
685 1734 972 1824 Nicolaobseptem
985 1725 1128 1802 diaconis
1145 1759 1209 1801 uno
1222 1737 1254 1800 in
1271 1759 1323 1802 er-

298 1867 405 1910 rorem
425 1843 572 1910 inductos
593 1842 738 1912 nonnulli
758 1843 985 1920 crediderunt,
1011 1845 1044 1909 in
1068 1841 1177 1910 multis
1203 1843 1325 1911 Simoni

301 1949 451 2038 magistro
468 1947 721 2014 eonsentiebaut.

344 2058 393 2134 4.*
418 2053 586 2118 Corinthii
605 2064 638 2117 et
652 2054 684 2117 Ε
687 2052 823 2117 bionitoa
836 2103 844 2128 ‚
862 2054 895 2117 in
909 2051 1055 2140 pluribus
1072 2051 1269 2131 delirabant,
1282 2068 1328 2121 at-

304 2181 367 2248 que
390 2159 423 2222 iu
444 2157 507 2222 hoc
526 2155 724 2245 praesertim,
752 2157 839 2244 qubd
868 2156 1031 2221 Christum
1052 2179 1116 2222 non
1135 2181 1202 2226 esse
1223 2159 1327 2226 Deum

305 2262 537 2331 contenderent
552 2313 560 2340 ,
578 2285 716 2350 quorum
741 2261 1018 2352 reprimendorum
1043 2270 1137 2329 eausa
1168 2266 1324 2354 scriptum

302 2371 335 2438 S.
356 2370 487 2436 loannis
503 2369 702 2458 euangelium
718 2369 829 2435 asserit
845 2369 1121 2458 B.'Hieronymus.
1139 2371 1210 2458 (De
1223 2374 1324 2464 aarip.

301 2475 422 2542 Euclea.
447 2479 513 2564 19.)

687 2663 691 2672 ⁴
772 2673 873 2766 gn.

422 2889 451 2946 .”
480 2883 532 2948 De
542 2881 692 2949 emolliit
706 2877 915 2970 generalibus
927 2880 1036 2968 primi
1045 2882 1154 2950 muli.

347 3069 574 3162 Apostolorum
595 3081 710 3145 aetate,
736 3093 820 3134 anno
841 3071 903 3146 50,
926 3070 1124 3138 celebratum
1148 3084 1196 3137 est
1214 3074 1326 3140 conci-

302 3177 382 3245 lium
398 3175 736 3266 Hierosolymitanum‚
753 3199 812 3266 pro
828 3175 1009 3262 definienda
1022 3179 1197 3265 quaestione
1212 3179 1253 3245 de
1268 3180 1329 3246 cir·

304 3286 500 3354 cumcisiona
512 3283 645 3375 aliisque
654 3283 810 3374 legalibus
818 3286 992 3354 servandis.
1010 3283 1094 3352 Illud
1102 3292 1177 3352 verb
1187 3289 1329 3376 primum

230 3404 232 3410 '
304 3390 452 3484 generale
468 3389 641 3458 concilium
658 3391 742 3456 inter
752 3389 882 3456 illorum
899 3413 1069 3456 numerum
1081 3390 1256 3480 vulgo⁰non
1272 3415 1330 3457 nu·

303 3510 464 3574 meretur,
475 3497 550 3586 quia
561 3496 722 3586 pertinere
733 3495 861 3562 videtur
872 3497 978 3592 potius
990 3496 1032 3562 ad
1043 3519 1143 3565 sacre
1156 3497 1330 3588 Scriptura}

306 3603 545 3670 auctoritatam,
