2940 4570
554 367 667 456 lo⁵t

89 503 218 576 Tbascii
236 507 376 584 nomini,
394 525 456 598 quo
472 504 538 595 jana
552 509 746 583 vocabatur,
765 505 910 595 adiunxit
921 560 929 585 ,
942 491 999 576 ‘itt'
1010 475 1053 575 ult'
1065 507 1114 576 'di-

89 625 220 680 ceretur
254 611 409 678 Tlrascias
435 611 605 677 Coeciliut'
625 612 827 700 Oppi-lanai.
860 609 1002 691 Quanlit
1040 611 1116 680 ¹verb

89 719 228 784 internis
244 719 331 806 quasi
347 717 571 784 certaminibus
584 718 724 808 primum
736 717 919 805 impugnata
936 721 1034 786 luerit
1046 721 1117 808 ejus

93 824 136 890 ad
148 823 250 890 Deum
263 823 445 898 conversio,
464 823 591 912 quantis
607 833 716 887 autem
727 828 836 911 postca
850 819 1050 893 remunerata
1064 825 1117 894 de·

96 927 179 996 liciis
200 930 266 1016 ipse
281 927 321 993 ad
341 927 502 994 Donatum
520 926 662 994 scribens
677 925 726 992 his
742 927 846 992 verbis
860 931 1037 1018 exprimere
1059 953 1117 998 oo-

97 1047 275 1102 natusest:
298 1037 390 1124 «Ego
407 1040 482 1102 cbm
500 1035 533 1099 in
554 1033 713 1108 tenebris,
739 1045 833 1122 atque
856 1035 889 1100 in
916 1039 1010 1104 nocte
1033 1047 1117 1106 caeod

95 1169 111 1204 a
139 1141 279 1230 jacerem
293 1165 302 1215 3
322 1145 462 1230 citnrquc
476 1142 507 1205 in
522 1162 615 1206 cmno
629 1141 777 1229 jactantis
798 1131 1118 1213 seculi‘nutabundus

24 1229 26 1236 Ι
92 1275 106 1310 s
139 1270 179 1313 ao
194 1246 483 1335 dubius,vestigiis
496 1246 720 1311 oberrantibus
733 1245 1027 1324 fluctuarem5vitac
1040 1275 1119 1320 meae

93 1380 108 1414 a
139 1351 288 1427 nescius,
312 1353 452 1418 veritatis
469 1375 508 1418 ac
530 1351 610 1418 lucis
628 1351 767 1428 alienus,
792 1351 919 1420 difficile
935 1361 1065 1443 prorsbs
1081 1379 1119 1426 ac

92 1488 106 1520 ι
138 1457 257 1523 durum
270 1481 328 1546 pro
343 1457 403 1524 illis
419 1471 497 1523 tunc
515 1459 659 1524 moribus
679 1457 854 1548 opinabar,
879 1461 965 1548 quod
981 1461 1013 1527 in
1033 1461 1119 1529 salu·

94 1593 107 1626 ι
139 1575 207 1629 tem
227 1563 306 1628 mibi
326 1564 430 1630 divina
453 1563 651 1652 indulgentia
674 1563 904 1664 pollicebatur,
930 1577 966 1632 ut
983 1569 1052 1656 quis
1068 1593 1121 1636 re·

93 1697 108 1730 ι
141 1669 229 1735 nasci
253 1669 359 1734 denub
388 1679 517 1757 posset,
544 1679 641 1755 utque
667 1667 700 1732 in
729 1691 842 1732 novam
868 1670 964 1735 vitam
993 1671 1120 1740 lavacro

96 1803 110 1835 ι
141 1797 231 1862 aquae
246 1774 391 1840 salutaris
404 1775 562 1840 animatus
577 1823 586 1849 ,
603 1772 689 1862 quod
700 1773 788 1861 pribs
801 1773 905 1838 l'uerat
920 1791 1095 1864 exponeret
1110 1830 1120 1856 ,

101 1910 114 1942 ι
144 1893 178 1947 et
193 1883 334 1971 eorporis
349 1881 424 1948 licet
441 1893 590 1946 manente
609 1903 763 1968 compage
782 1880 945 1947 bominem
961 1884 1068 1950 animo
1084 1907 1122 1952 ae
1161 1891 1165 1900 “

100 2017 113 2050 2
145 2000 251 2054 mente
265 1999 415 2054 mutaret.
434 1989 498 2068 Qut
514 1985 692 2077 possibilis,
708 1985 853 2061 aiebam,
874 1999 922 2052 est
940 1999 1029 2054 tauta
1042 2011 1123 2056 con-

100 2124 115 2156 ι
144 2088 269 2170 versib,
289 2107 325 2159 ut
349 2101 480 2184 repente
502 2117 539 2160 ac
557 2094 764 2183 pertinaciter
781 2093 940 2170 exu'alur,
964 2096 1051 2184 quod
1074 2095 1124 2165 vel

101 2229 114 2261 ι
146 2201 317 2288 genuinum
334 2201 396 2266 situ
409 2200 549 2266 materiae
561 2197 712 2266 naturalis
728 2197 900 2275 obduruit,
919 2199 968 2266 vel
989 2225 1123 2292 usurpa7

102 2335 115 2366 ι
146 2319 217 2371 tum
230 2305 283 2372 dib
297 2307 385 2372 senio
397 2305 561 2372 vetustatis
571 2304 730 2374 incaluit?
748 2303 818 2369 Aba
835 2305 903 2371 hoec
919 2317 952 2370 et
967 2307 1124 2395 profundi

105 2441 119 2474 ι
149 2413 274 2502 penitius
295 2413 402 2480 radice
417 2413 580 2479 sederunt.
602 2410 741 2492 Quando
756 2411 986 2498 parcimoniam
1008 2412 1125 2489 discit,

106 2546 119 2579 s
150 2517 204 2606 qui
219 2498 400 2608 epularibus
416 2519 514 2584 crenis
529 2529 562 2583 et
577 2517 671 2606 largis
687 2515 822 2604 dapibus
839 2517 975 2582 assuevit
988 2517 1003 2582 i
1016 2519 1055 2582 Et
1073 2521 1128 2608 qui

105 2653 118 2686 ι
149 2621 1127 2713 pretiosbvesteconspicuasinauroatquein'purpurafulsit,

107 2759 120 2793 ι
151 2729 191 2795 ad
206 2727 461 2817 plebeiumseac
480 2727 659 2817 simplicem
678 2725 802 2792 cultum
829 2723 958 2815 qua'ndb
974 2727 1130 2819 deponit?

108 2861 125 2895 u
151 2833 306 2901 Fascibus
322 2825 380 2900 itti
394 2831 572 2900 oblectatus
593 2845 625 2898 et
647 2827 847 2907 bonoribus,
869 2833 1008 2921 privatus
1030 2847 1063 2901 et
1081 2837 1132 2902 in·

108 2973 121 3006 r
155 2941 275 3032 glorius
292 2967 359 3009 esse
375 2965 440 3008 non
455 2953 568 3031 potest.
591 2941 651 3006 llic
664 2942 795 3030 stipatus
816 2936 983 3009 clientium
1000 2946 1130 3022 cuneis,

111 3076 127 3111 a
153 3051 368 3140 frequentiore
386 3051 540 3117 comitatu
552 3049 684 3116 officiosi
696 3049 831 3137 agminis
848 3049 1051 3130 honestatus,
1069 3075 1134 3141 poe·

109 3185 123 3218 s
154 3179 230 3222 nam
244 3170 335 3247 putat
349 3179 436 3234 esse,
455 3161 530 3224 cbm
544 3154 630 3220 solus
645 3166 702 3220 est.
725 3153 906 3220 Tenacibus
925 3179 1052 3245 semper
1069 3157 1135 3223 ille·

110 3291 123 3322 »
156 3263 261 3328 cebris
272 3285 401 3330 neeesse
412 3275 485 3338 est,
502 3274 536 3327 ut
548 3260 668 3326 solebat
679 3293 693 3336 ,·
704 3258 875 3326 vinolentia
889 3261 1019 3338 invitet,
1043 3262 1135 3336 inllat

113 3399 125 3430 ι
158 3367 338 3458 superbia,
358 3368 521 3436 iracundia
549 3367 747 3444 inllammet,
777 3369 933 3456 rapacitas
960 3367 1133 3456 inquietet,

114 3507 127 3537 ι
160 3473 332 3542 crudelitas
342 3471 504 3549 stimulat,
517 3471 650 3538 ambitio
663 3471 802 3538 delectet
814 3521 823 3548 ,
837 3469 936 3535 libido
948 3473 1132 3562 praecipitet.

114 3586 140 3646 ι’
155 3585 237 3650 llaec
253 3595 379 3672 egomet
391 3589 472 3672 sacpb
488 3602 617 3649 mecam
635 3604 643 3645 ε
659 3603 733 3644 nam
755 3591 790 3644 ut
802 3579 869 3668 ipse
880 3583 976 3666 quam
992 3578 1137 3667 plurimis

115 3721 127 3753 ι
159 3689 231 3755 ritae
246 3689 360 3778 prioris
379 3687 540 3754 erroribus
562 3685 735 3776 implicitus
759 3685 910 3760 tenebar,
936 3684 1052 3772 quibus
1065 3685 1137 3766 exui

116 3828 129 3860 ι
162 3819 217 3862 me
230 3817 321 3884 posse
343 3817 408 3860 non
429 3794 614 3870 crederem,
637 3791 683 3857 sic
698 3789 781 3856 vitiis
800 3788 1035 3854 adherentibus
1050 3789 1140 3856 obse·

117 3931 130 3966 s
162 3897 308 3967 cundans
327 3919 437 3974 eram,
458 3911 491 3964 at
513 3894 736 3985 desperatione
758 3889 926 3958 meliorum
952 3889 1042 3958 malis
1061 3893 1142 3958 meis
