2940 4570
558 405 691 494 (1⁵⁵1

149 535 248 626 Apud
272 543 374 607 aviam
396 541 571 608 Macrinam
596 543 781 632 aliquandiu
802 541 984 614 enutritus,
1009 539 1051 604 iu
1073 557 1134 624 op-

104 641 196 708 timae
216 643 347 710 saeminae
364 645 566 710 sermonibus
591 647 734 710 imbutus
749 658 815 722 est,
840 657 875 710 ut
892 647 1056 732 nunquam
1077 661 1134 704 ex-

106 745 256 834 tirpanda
279 773 359 814 verae
374 749 501 837 pietatis
516 752 637 816 semina
654 751 844 817 intrinseobs
860 749 1036 838 susciperet
1046 769 1055 819 ς
1083 743 1136 809 aui
1238 803 1243 814 ,

109 851 209 917 etiam
224 867 424 920 accesserunt
438 855 549 942 primae
562 853 743 920 liberalium
755 853 994 944 disciplinarum
1010 849 1051 915 ab
1068 849 1136 938 ipso

110 968 224 1044 patre,
253 959 440 1048 eloquentiae
471 959 569 1052 gloria
603 961 792 1039 notissimo,
824 958 947 1028 collatae
977 957 1134 1026 notiones,

115 1064 191 1160 Quo
215 1067 395 1144 defuncto,
429 1067 580 1134 Caesareae
606 1069 768 1158 primbm,
792 1067 847 1132 ubi
878 1079 956 1132 tuno
990 1061 1141 1153 vigebant

112 1173 253 1239 scientiae
267 1223 277 1249 ,
293 1171 473 1261 Antiocbiae
489 1180 597 1264 postet
614 1187 646 1240 et
656 1171 934 1262 Constantinopoli
951 1171 1005 1236 ubi
1021 1167 1140 1256 magis·

112 1289 165 1341 tro
182 1301 259 1344 usus
274 1289 324 1344 est
344 1279 553 1348 celeberrimo
576 1281 705 1347 rhetore
720 1279 875 1356 Libanio,
905 1277 959 1368 qui
975 1275 1137 1366 juniorem

110 1381 305 1480 discipulum
325 1384 358 1450 in
375 1383 506 1474 publico
527 1385 690 1452 dicentem
717 1391 880 1475 nunquam
902 1385 971 1451 sint
997 1380 1142 1448 admira·

11 1495 14 1506 ”
111 1487 204 1552 tione
227 1487 486 1564 auscultabatur3
514 1490 647 1559 Athonis
664 1491 825 1580 denique,
845 1497 909 1582 quo
927 1511 1038 1555 omnes
1058 1483 1140 1552 doc·
1237 1517 1243 1540 e

112 1593 207 1659 trinae
234 1595 343 1685 cupidi
380 1598 522 1688 undique
560 1597 788 1675 confluebant,
812 1599 880 1674 iu,
913 1591 1153 1682 disserentibus·

112 1701 259 1768 Himerio
287 1701 524 1796 Proaeresioque
540 1707 699 1772 bonarum
720 1705 899 1771 litterarum
915 1705 1020 1770 studio
1034 1699 1145 1791 prole-

114 1805 184 1882 cit,
201 1819 239 1870 ut
255 1807 357 1896 pietas
370 1808 487 1876 laboris
502 1811 684 1877 assiduitate
699 1809 833 1875 minime
848 1807 1029 1874 laederetur.

158 1909 221 1976 llic
236 1912 398 2002 praecipue
414 1915 534 1991 erevit,
556 1915 695 2003 inempta
713 1913 854 2003 primum
874 1911 1049 1986 Caesareae,
1068 1931 1143 1974 cum

116 2013 276 2106 Gregorio
292 2017 493 2084 Nazianzeno
507 2017 716 2095 familiaritas,
733 2022 796 2107 qud
813 2015 965 2106 copulati,
979 2013 1098 2088 innexi,
1113 2025 1147 2078 et

117 2117 205 2186 velut
220 2123 464 2211 conglutinati,
480 2148 544 2213 por
560 2125 730 2211 quoddam
746 2147 816 2193 aon
831 2121 1006 2189 obscurum
1020 2137 1051 2186 et
1065 2123 1150 2184 inco

118 2223 206 2289 labro
220 2249 289 2290 non
304 2228 410 2294 sotem
425 2229 515 2318 apud
529 2230 651 2305 socios,
665 2228 721 2294 sed
736 2231 837 2294 etiam
852 2228 942 2317 apud
955 2229 1149 2293 universam

121 2327 289 2394 Graeoa'am
311 2348 341 2398 et
369 2350 465 2399 erant
480 2349 510 2398 et
527 2333 742 2436 dicebantur3
756 2335 767 2420 (
783 2333 817 2398 S.
835 2333 967 2423 Gregor.
980 2324 987 2336 '
999 2332 1146 2398 Nazianz.

127 2433 220 2500 Orat.
237 2437 288 2515 45.
300 2450 357 2521 ¹n.⁰
371 2441 440 2528 aa.)
458 2437 549 2505 Nulla
560 2461 635 2505 oum
647 2439 820 2527 improbis,
837 2451 870 2502 et
883 2437 1099 2526 procacibus,
1117 2445 1150 2500 et

124 2540 320 2629 impudicis,
344 2555 377 2608 et
402 2543 545 2634 religioni
564 2542 789 2610 insultantibus
805 2543 957 2618 societas;
987 2539 1074 2608 nulla
1091 2539 1151 2606 nisi

122 2667 199 2710 cum
227 2645 344 2724 bonis,
370 2660 403 2713 et
420 2648 625 2724 verecundis,
645 2663 678 2714 et
697 2648 823 2714 virtutis
844 2647 1025 2712 amantibus
1049 2641 1152 2710 collo-

125 2753 247 2842 quendi
265 2757 484 2822 consuetudo:
512 2784 525 2816 a
541 2757 626 2822 Duas
638 2761 762 2848 tantiam
778 2756 844 2821 vias
860 2767 950 2820 notas
963 2753 1150 2824 habebant,

120 2889 135 2920 a
168 2884 275 2926 unam
292 2863 333 2928 ad
348 2875 452 2930 sacras
475 2864 581 2941 aedes,
599 2863 741 2930 alteram
763 2869 840 2929 verb
859 2861 900 2927 ad
915 2874 1062 2927 externos
1076 2881 1154 2949 pro·-

120 2994 135 3026 a
165 2963 329 3052 sessores,
343 2981 472 3034 ceteras
497 2980 604 3034 autem
628 2991 739 3034 omnes
756 2991 827 3056 quae
845 2967 886 3033 ad
901 2968 1001 3042 festa,
1025 2974 1153 3054 speeta-

124 3099 136 3132 ι
170 3069 266 3146 cula,
298 3070 439 3138 celebres
470 3085 668 3148 conventus,
695 3070 805 3162 epulas
826 3071 988 3140 ducebant
1005 3092 1098 3159 aequo
1116 3090 1155 3134 ao

123 3205 136 3236 a
170 3173 284 3242 libenti
300 3177 408 3242 animo
423 3175 490 3242 aliis
501 3175 727 3264 relinquentes.
743 3205 755 3238 a
769 3177 780 3264 (
792 3175 882 3243 ibid.
902 3189 953 3242 πθ
970 3178 1038 3262 ar.)
1051 3172 1156 3238 Omne

126 3281 178 3347 ael
199 3283 331 3371 pietati,
353 3281 403 3350 vel
423 3282 528 3348 studio
548 3295 674 3371 tempus
689 3283 870 3372 impensum
892 3305 900 3346 τ
928 3279 1024 3348 modo
1047 3277 1155 3366 legere

124 3413 197 3477 quae
221 3391 437 3479 probatissimi
472 3391 643 3482 scriptores
659 3373 821 3457 *omnibns
848 3387 993 3454 absoluta
1015 3384 1157 3452 numeris

124 3495 401 3583 conscripserant;
426 3495 522 3560 modb
542 3493 682 3585 perlecta
706 3495 822 3560 iterium
843 3505 938 3581 atque
954 3493 1070 3558 iterlrm
1086 3511 1158 3554 me-

127 3603 242 3677 ditari;
259 3605 358 3670 modo
369 3603 520 3670 meditata
537 3603 686 3670 fidelibus
699 3602 817 3671 chartis
832 3600 1033 3667 committere
1039 3623 1048 3670 3
1061 3595 1158 3662 modb
1196 3579 1205 3592 ⁸

129 3709 301 3776 commissa
313 3709 431 3782 chartis
445 3710 557 3798 saepibs
574 3707 657 3797 stylo
674 3729 766 3774 verso
778 3715 970 3779 retractare;
990 3700 1087 3768 modo
1106 3721 1159 3764 ro·-

127 3825 266 3880 tractata
291 3816 375 3880 inter
399 3839 431 3881 se
453 3816 695 3884 communicare
716 3813 822 3906 denuo
845 3808 1066 3883 retractanda3
1099 3825 1159 3870 neo
1250 3825 1253 3832 ’

127 3921 225 3988 etiam
235 3921 480 4028 pretermittere
493 3921 683 3990 exteriorem
695 3915 823 3986 dicendi
835 3915 972 3984 formam
990 3965 998 3992 ,
1015 3909 1160 4000 corporis
