2990 4570
566 373 700 478 (¹⁸⁵)

113 554 126 586 ι
160 539 197 590 ut
213 549 354 617 quaeper
377 525 512 618 gratiam
530 523 590 592 Dei
610 527 705 616 gessit
720 540 902 616 separatum
917 549 996 615 opus
1018 521 1139 592 deside-

113 660 126 691 »
160 644 243 698 rent.
270 636 349 700 Erat
360 639 456 723 porro
468 633 660 700 reverendus
671 635 792 724 pariter
804 647 836 702 ot
848 657 975 702 severus
982 639 1056 722 erga
1069 629 1140 696 illins

114 764 127 795 ι
160 737 217 824 qui
240 737 345 826 ipsum
365 737 535 804 adibant.»
563 737 771 828 (blanau)
793 739 989 806 Sozomenus
1012 749 1138 804 autem:

126 867 139 900 ι
161 839 321 908 Macarius
342 841 509 932 AEgyptius
527 853 692 908 mortuum
710 844 751 909 ad
769 845 867 910 vitam
884 847 1048 910 revocasse
1060 840 1141 906 dici·

22 963 25 968 '
115 977 128 1010 ι
157 961 222 1026 tur,
243 963 278 1016 ut
294 951 422 1017 cuidam
435 950 586 1018 haeretico
599 951 806 1042 persuaderet
820 953 961 1018 suturam
973 973 1042 1016 esse
1058 972 1142 1016 mor·

116 1081 129 1114 ι
159 1066 295 1120 tuorum
319 1057 597 1123 resurrectionem.
632 1057 718 1124 Vixit
736 1058 790 1125 hic
815 1081 915 1124 annos
937 1057 1065 1124 circiter
1082 1077 1142 1118 no·

118 1184 130 1216 ι
161 1160 312 1247 naginta,
337 1183 376 1225 ex
397 1160 513 1248 quibus
533 1161 691 1250 sexaginta
710 1161 796 1252 degit
816 1163 849 1227 in
872 1159 1042 1226 solitudine
1061 1181 1070 1223 s
1088 1158 1142 1246 qni
1163 1153 1171 1176 '

118 1291 132 1323 ι
161 1263 257 1330 simul
282 1276 379 1353 atque
397 1263 615 1355 philosophari
637 1269 804 1356 cupisset,
828 1267 935 1333 adhinc
961 1266 994 1330 in
1011 1263 1143 1353 juvenili

117 1397 130 1431 ι
161 1382 255 1436 aetate
274 1373 467 1440 constitutus
492 1372 535 1436 ita
561 1373 695 1448 enituit,
722 1386 757 1438 ut
778 1397 861 1461 puer
883 1397 983 1438 renen
1007 1370 1143 1462 vuigoa

119 1505 133 1540 ι
163 1477 332 1543 monachis
358 1489 546 1554 vocaretur,
573 1489 605 1542 et
629 1500 730 1544 annos
753 1491 846 1544 natus
871 1477 1080 1566 quadraginta
1101 1475 1143 1540 ad

121 1609 135 1642 ι
165 1579 367 1670 praesbyterii
383 1579 519 1668 gradum
536 1591 664 1647 avectus
679 1581 752 1648 sit.»
777 1580 861 1667 (Lib.
882 1582 912 1646 5.
933 1605 959 1647 a.
985 1581 1054 1668 14.)

160 1687 279 1752 Extant
286 1684 345 1751 sub
357 1685 428 1771 ejus
440 1685 590 1750 nomine:
606 1685 819 1750 1.⁰Hamiiice
827 1687 1072 1776 quinquaginta
1083 1685 1144 1774 piae

118 1817 155 1858 aa
177 1791 266 1858 iectu
291 1791 414 1880 dignae,
439 1813 510 1878 quae
530 1791 571 1856 ad
589 1792 762 1857 monachos
781 1792 999 1879 potiusquam
1020 1791 1060 1856 ad
1083 1814 1145 1880 po-

118 1896 230 1986 pulum
252 1895 453 1984 diriguntur3
480 1907 526 1960 ιθ
550 1895 717 1984 Opuscuia
734 1909 855 1984 septem
872 1895 1019 1960 ascetiaa.

447 2125 616 2168 amatorias
639 2123 817 2169 PRAEGIPUAE.

165 2295 335 2361 Habentur
344 2291 498 2382 opuscula
504 2290 601 2358 simul
609 2303 641 2356 et
653 2291 791 2358 hontiliae
805 2315 869 2358 uno
878 2290 1039 2358 volumine
1051 2289 1142 2354 iri-8⁰.

131 2423 250 2468 excusa
264 2400 398 2489 Lipsiae,
417 2401 511 2487 1714.
532 2398 608 2464 Haeo
627 2395 724 2464 editio
741 2397 885 2486 pluribus
896 2393 1147 2464 correctionibus
1198 2407 1206 2421 “

121 2507 231 2576 ‚adhuc
253 2507 396 2596 indigere
419 2507 554 2572 videtur.
583 2505 762 2594 Utrumque
783 2529 862 2595 opus
891 2503 1061 2594 separatim
1089 2499 1148 2566 ali-

123 2611 251 2702 quando
267 2635 420 2682 excusum
443 2623 500 2678 est.

567 2768 703 2860 glxvr.

118 2957 264 3026 Sanctus
273 2957 451 3050 Gregorius
463 2958 714 3032 Nazianzenus,
728 2977 783 3022 seu
797 2954 986 3047 Theologur,
999 2977 1055 3021 an.
1072 2955 1144 3043 591.

582 3157 718 3204 GMGUS.

169 3308 315 3376 Sanctus
330 3311 525 3402 Gregniaa,
541 3309 732 3398 cognomine
745 3308 995 3380 Nazianzenus,
1013 3293 1086 3390 quia
1098 3321 1152 3388 pa·

124 3412 184 3478 tris
205 3413 291 3480 vicos
308 3413 426 3479 diutius
449 3412 704 3506 inNazianzano
720 3412 902 3500 episcopatu
925 3404 1085 3497 implevit,
1120 3413 1152 3467 et

123 3519 223 3584 etiam
248 3518 450 3612 Theologua,
475 3519 550 3616 quia
571 3519 736 3586 haereticos
754 3516 882 3607 plures,
910 3511 1152 3604 praesertimque

126 3624 293 3702 Arianae,
328 3627 530 3704 Eunomios,
554 3625 862 3712 Macedonianosque
892 3621 972 3696 mira
994 3617 1152 3702 ¹doctrinae

124 3729 308 3819 integritate
319 3729 606 3814 debellarit„uatus
619 3741 667 3812 est
678 3729 824 3805 Arianzi,
840 3729 872 3794 in
886 3723 1152 3794 Nazianzeniter-
1173 3704 1180 3731 ³

123 3836 227 3902 ritorii
239 3837 323 3912 vico,
337 3838 421 3906 eirca
437 3861 487 3904 an.
505 3839 579 3926 529.
596 3835 721 3904 Sanctae
735 3835 869 3910 Nonnae,
883 3844 917 3898 et
933 3827 1077 3919 Gregorii
1097 3850 1151 3894 ve-

125 3941 220 4016 teris,
239 3941 294 4030 qui
306 3963 345 4007 ex
356 3939 625 4030 Hypsistariorum
638 3963 747 4010 errore
764 3939 804 4004 ad
825 3935 1000 4008 Ecclesiam
1016 3954 1152 4002 conver-
