2940 4570
675 607 843 651 EDlTlONBS
859 606 1037 651 PRAECIPUB·

399 763 442 814 1.·
464 740 566 816 Fidei
588 741 747 840 confessio
762 751 808 816 ad
825 750 961 816 lulium
977 747 1093 838 legitur
1114 748 1147 813 ia
1161 742 1300 834 epistolis
1318 745 1370 810 de-

255 871 260 876 ·
349 852 519 920 cretalibus
531 854 570 920 D.
590 853 860 944 Couatanupeg.
881 853 954 944 590.
1127 921 1131 931 ,
1163 925 1166 932 .

395 974 441 1026 a.⁰
453 961 588 1053 Legatio
600 961 632 1027 E
635 963 750 1053 agenti
764 962 797 1027 in
813 959 1003 1029 collectione
1016 970 1145 1050 patrum
1158 957 1254 1026 Dedo
1265 955 1372 1028 Morat-

347 1069 487 1158 faucon,
514 1069 681 1148 Parisiis,
701 1070 795 1157 1706.

810 1275 898 1366 sn·
1017 1266 1024 1294 ’

492 1577 495 1583 Ι
608 1489 752 1554 Sanctus
767 1485 937 1561 Basilica,
954 1507 1010 1549 aa.
1031 1484 1106 1570 579.

797 1689 930 1738 GBAECUS·

394 1861 537 1926 Sanctus
548 1859 747 1936 umalama
764 1858 968 1925 Theodorcto
983 1858 1142 1947 primum,
1156 1868 1190 1923 et
1205 1855 1321 1922 deinde
1336 1851 1373 1919 ah

351 1963 499 2030 omnibus
515 1964 666 2032 Ecclesiae
683 1963 799 2030 seculis
815 1963 938 2055 Mag-ni
954 1975 1170 2053 cognomento
1185 1962 1371 2051 insignitus.

354 2069 592 2146 Neaeram,
615 2093 686 2158 quaa
708 2075 800 2134 antea
823 2069 987 2145 Mazaca,
1011 2069 1043 2134 in
1059 2068 1191 2142 Pontica
1208 2064 1375 2156 Cappado-

352 2171 408 2236 ciae
424 2173 555 2261 regione
570 2224 579 2249 ,
596 2185 741 2239 vertente
753 2195 837 2238 anno
851 2173 915 2262 529
931 2224 940 2250 ‚
958 2173 1141 2241 clarissimis
1153 2154 1376 2239 sanctissimis-

353 2301 415 2365 que
431 2278 590 2345 natalibus
602 2292 690 2346 ortus
706 2275 775 2354 θείς
796 2281 889 2369 cujus
902 2303 939 2345 ea
951 2279 1011 2346 luit
1027 2277 1126 2368 gloria
1138 2329 1148 2355 ‚
1162 2291 1198 2343 ut
1212 2279 1294 2368 inter
1305 2301 1377 2344 con·

353 2385 566 2474 sanguineos,
589 2409 654 2452 non
677 2383 949 2452 commendabiles
982 2391 1108 2450 tantum
1134 2385 1222 2472 juxta
1242 2383 1376 2450 munda-

353 2511 428 2556 nam
444 2492 632 2579 sapientiam
645 2492 729 2558 viros
742 2541 754 2567 ,
766 2492 824 2558 sed
839 2504 871 2558 et
885 2492 973 2581 juxta
987 2489 1194 2580 Evangelicas
1205 2489 1295 2580 lagos
1307 2513 1375 2578 per-

354 2595 524 2662 fectissima
543 2596 797 2664 Christianarum
809 2598 964 2664 virtutum
976 2595 1166 2685 exemplaria
1183 2591 1373 2662 numeraret.

400 2703 476 2770 Avia
501 2705 606 2782 enim,
631 2705 771 2772 Macrino
791 2705 844 2772 illa
865 2719 978 2782 vetus,
1000 2705 1093 2795 cujus
1118 2707 1276 2772 memoria
1298 2707 1376 2770 inter

357 2805 492 2878 Sanctus
506 2815 544 2891 14
556 2813 691 2901 januarii
702 2797 754 2880 dte
766 2813 937 2888 recolitur3
952 2825 1043 2903 pater
1052 2812 1186 2879 Basilius
1198 2815 1317 2902 major,
1330 2811 1377 2878 cui

356 2914 486 2982 cosdem
501 2917 639 2992 honores
655 2917 768 2984 tribuit
783 2915 923 2987 Ecclesia
944 2919 985 2984 50
1000 2918 1092 2991 maiia
1111 2929 1233 2995 mater,
1252 2919 1378 2984 Emma-

357 3016 399 3084 lia
415 3069 424 3096 ‚
441 3043 512 3108 quaa
528 3019 641 3087 eodem
655 3045 729 3088 cum
743 3023 858 3088 marito
873 3022 925 3088 die
940 3021 1139 3096 celebratura
1155 3043 1245 3086 soror
1262 3032 1378 3096 autem,

359 3123 476 3191 Sancta
499 3122 641 3191 Macrian
663 3125 789 3214 junior,
810 3139 842 3192 et
866 3127 999 3202 fratres,
1024 3124 1058 3192 S.
1079 3113 1253 3214 Gregorius
1269 3125 1380 3214 Nyssa-

359 3253 431 3308 nus,
443 3243 521 3297 natu
532 3231 650 3321 major,
664 3232 853 3300 Naucratim
870 3233 1066 3307 morraohus,
1085 3233 1262 3320 beatusque
1275 3233 1388 3298 Petrus.

359 3337 527 3425 episcopus
549 3337 767 3412 Sebastenus,
784 3351 900 3428 praeter
921 3350 1058 3428 quatuor
1074 3337 1169 3412 alias,
1185 3338 1379 3412 arridetur,
1444 3333 1445 3340 '

359 3439 492 3532 puellas,
509 3465 579 3530 quae
594 3444 678 3509 inter
690 3443 800 3509 mundi
813 3443 954 3534 pericula
968 3443 1119 3533 degentes
1130 3444 1258 3533 pietatis
1269 3441 1380 3508 nihilo-

273 3541 280 3550 ’
361 3549 466 3616 minus
485 3547 579 3617 laude
601 3548 841 3628 inclaruerunt,
861 3552 905 3616 ita
922 3563 957 3614 ut
975 3551 1061 3616 beati
1078 3548 1123 3616 illi
1142 3559 1291 3638 parentes
1312 3571 1381 3615 oum

361 3675 475 3720 novom
491 3657 509 3716 a
525 3677 558 3718 se
580 3655 777 3744 progenitis,
801 3677 867 3720 non
887 3653 1050 3723 calestem
1070 3652 1297 3720 tantummodo
1318 3651 1385 3741 glo-

361 3755 440 3820 riam
456 3806 466 3831 ,
479 3757 534 3822 sed
546 3769 690 3823 terrenos
702 3759 799 3824 etiam
812 3755 988 3824 sanctitatis
1000 3753 1136 3824 honoret
1149 3756 1300 3822 invadere
1311 3777 1384 3844 prae·
1443 3737 1444 3770 ³

365 3855 530 3922 valuerint.
