2990 4570
562 321 698 408 (¹89)

134 483 138 490 ·
161 451 312 522 Animam
335 455 404 522 Deo
426 447 587 533 reddidit,
613 479 664 522 an.
692 455 812 523 Christi
831 459 921 545 ⁵9¹s
946 458 1046 524 etatis
1069 463 1145 524 vero

62 619 63 626 ,
120 557 253 626 circiter
266 563 320 628 62.

106 698 110 725 2
164 665 266 730 Multa
289 662 393 732 soluto
408 687 557 732 sermone
577 679 705 744 orator,
736 667 835 732 multa
857 667 953 734 etiam
974 666 1140 734 modulato

117 772 259 838 carmine
271 778 369 861 po'c'ta
381 772 590 860 conscripsit;
610 773 698 840 unde
709 774 871 864 praecipua
884 773 954 862 ejus
965 797 1062 865 opera
1073 797 1145 864 pos·

119 889 192 944 sunt
207 878 370 953 revocari,
387 877 452 942 sive
468 877 509 941 ad
525 877 692 966 epistolas:
710 879 774 945 sive
786 880 827 944 ad
842 885 1011 969 poemata,
1028 879 1143 967 quibus

116 984 326 1051 adscribenda
350 1005 415 1050 non
436 981 563 1049 videtur
587 985 740 1074 tragoedis
758 1009 766 1050 a
786 985 880 1052 Iesus
900 987 1048 1075 potiones
1080 987 1147 1052 sive

119 1092 154 1156 ad
176 1113 343 1157 sermones
366 1090 421 1179 qui
445 1088 526 1155 ultra
550 1093 591 1157 50
607 1105 794 1182 supersunt,
819 1103 852 1158 et
873 1093 990 1181 quibus
1014 1093 1146 1184 adjungi

118 1209 251 1284 possunt
266 1196 338 1261 duae
355 1196 394 1260 in·
405 1193 569 1261 Julianum
585 1197 759 1264 invectivae.
777 1197 910 1274 Nullus,
928 1199 954 1264 si
971 1197 1090 1267 librum
1105 1198 1145 1264 de

126 1299 304 1392 Theotegid
319 1299 470 1388 excipias,
489 1299 688 1389 dogmaticus
703 1313 847 1368 remanet
862 1314 1025 1370 tractatus.

165 1407 238 1474 Non
254 1407 404 1474 infimum
420 1405 473 1474 ille
487 1407 570 1474 inter
586 1407 776 1476 christianos
797 1421 940 1476 oratores
967 1409 1075 1476 locum
1092 1410 1148 1476 ob-

121 1515 251 1582 tinuisse
263 1515 487 1604 praedicandus
499 1527 563 1590 est;
579 1528 701 1582 tantam
713 1518 746 1582 in
758 1517 897 1584 dicendo
909 1516 1146 1606 eloquentiam,

120 1635 244 1690 tantam
257 1625 291 1690 in
302 1625 407 1690 verbis
416 1625 638 1708 majestatem,
651 1626 1004 1692 tentamvarietatemin
1016 1625 1146 1714 figuris,

120 1745 240 1798 tantam
258 1733 292 1798 in
308 1731 501 1822 argumentis
520 1732 692 1808 virtutem,
721 1743 843 1800 tantam
859 1733 997 1822 denique
1011 1735 1044 1798 in
1059 1733 1148 1822 eogi-

120 1837 294 1904 tationibus
310 1837 542 1903 sublimitatem
566 1834 695 1902 difficile
718 1835 795 1900 alibi
809 1838 959 1926 reperies.
992 1837 1079 1902 Dum
1095 1835 1147 1902 ni-

120 1943 184 2008 tidat
200 1943 357 2008 sermonis
372 1939 576 2031 simplicitate
593 1939 711 2030 gaudet
727 1941 873 2018 animus,
893 1941 1076 2029 conjunctis
1093 1964 1147 2007 so·-

119 2049 290 2116 lertissime
316 2047 422 2114 verbis
443 2046 647 2136 periodisque
677 2047 710 2112 in
734 2069 906 2114 numerum
929 2045 1148 2114 desinentibus

122 2158 260 2224 suaviter
287 2155 373 2220 nuris
397 2153 576 2222 delectatur
588 2180 597 2229 ς
625 2154 801 2220 Isocratem
823 2155 934 2222 audire
961 2153 1144 2222 credideris.

124 2265 222 2332 Modo
237 2263 389 2353 jucundis
405 2261 697 2351 comparationibus
713 2262 780 2342 uti,
797 2263 895 2328 modo
910 2261 1148 2353 philosophicas

52 2357 56 2364 ⁴
125 2369 334 2458 cogitationes
346 2369 511 2456 ingerere,
529 2367 625 2434 modo
638 2366 780 2433 historiae
791 2368 876 2434 fecta
887 2367 1150 2444 ,modoinventa
1170 2359 1175 2364 ⁵

124 2472 327 2564 mythologie
336 2471 430 2538 dictis
442 2471 688 2538 accommodare
699 2471 909 2558 peritissimus
928 2495 936 2536 ε
955 2471 1150 2540 ornamentis

124 2590 231 2644 tamen
252 2576 385 2642 forsitan
404 2574 553 2663 gravior,
575 2573 711 2662 ideoque
732 2573 838 2638 minus
862 2572 969 2640 virilis.
998 2573 1148 2640 Carmine

126 2687 223 2758 vero,
252 2679 328 2745 licet
344 2680 377 2744 in
392 2680 543 2766 provecta
565 2676 631 2765 jam
649 2687 814 2742 senectute
829 2675 1011 2755 modulata,
1039 2677 1147 2767 ignem

125 2788 233 2854 adhuc
249 2798 281 2852 et
297 2786 448 2852 virtutem
463 2783 596 2870 junioris
611 2789 714 2872 poetae
730 2783 851 2871 spirare
867 2783 1040 2872 videntum
1061 2783 1153 2850 ideo·

128 2902 232 2984 quea
251 2891 355 2958 Tollio
371 2904 589 2980 praenotantur
606 2914 614 2956 :
635 2891 800 2956 Camino
815 2915 949 2982 cygnea.

171 2999 295 3068 Nostris
310 3010 418 3064 autom
435 3022 501 3066 uon
517 2999 639 3088 indiget
662 2998 830 3075 laudibus,
860 3001 915 3087 qui
931 3012 978 3064 tot
994 2998 1153 3086 tantisque

80 3131 88 3142 ’
125 3122 272 3176 veterum
310 3107 464 3174 encomiis
495 3095 674 3174 celebratus
704 3119 762 3172 est.
790 3105 932 3174 Vocatur
960 3107 1045 3172 enim
1071 3111 1089 3169 ὲ
1115 3102 1163 3190 8.Ι

126 3213 262 3289 Basilio,
275 3212 526 3287 vascleetienis,
539 3223 694 3299 etputeus
701 3212 907 3300 profundus,
920 3227 950 3275 et
962 3235 996 3276 os
1005 3210 1133 3276 Christi
1138 3235 1153 3291 ‚·

127 3319 301 3407 (Epist8.
323 3317 399 3382 ctas.
427 3317 477 3404 r.)
497 3316 537 3380 ab
553 3316 750 3404 Hieronymo
767 3329 901 3392 autem,
922 3319 979 3381 vir
1001 3315 1154 3404 eloquen-

69 3441 72 3446 ’
125 3423 295 3498 tissimus,
308 3428 404 3508 equo
416 3427 567 3509 tanquam
584 3425 605 3486 ὰ
618 3437 817 3510 praeeeptore
829 3420 1024 3510 Scripturas
1039 3423 1154 3510 septa-

126 3553 211 3595 nare
226 3529 347 3594 didicit
354 3529 562 3617 ;(Descsipt.
581 3529 655 3594 eccl.
672 3529 797 3614 e.117.)
811 3533 827 3592 a
843 3525 876 3592 S.
897 3511 1074 3616 Augustino
1085 3552 1155 3594 mc·

126 3639 188 3729 gm'
212 3638 379 3711 nominis,
404 3652 434 3701 et
456 3638 551 3725 fame
572 3635 782 3701 celeberrimo
806 3633 946 3699 illustris
965 3635 1152 3722 episeopus,

128 3748 226 3831 eujus
240 3745 370 3832 eloquia
386 3745 534 3834 ingentis
553 3745 672 3808 merito
685 3741 816 3832 gratiss,
833 3741 934 3806 etiam
949 3743 987 3805 in
1002 3743 1155 3832 linguam

129 3849 273 3914 latinam
286 3848 469 3922 translata,
484 3854 713 3935 usquequaque
721 3847 924 3912 claruerunt.
944 3849 1070 3933 (eontra
1087 3842 1151 3910 tul.

974 4135 987 4172 Ι
