2942 4568
555 365 692 456 (4¹¹)

154 506 326 596 Philippus
346 509 381 583 1,
397 507 562 596 repudiata
586 507 724 583 Berua,
748 503 935 570 Bertradem
951 506 984 570 in
1000 523 1133 570 uxorem

112 609 170 674 sibi
186 611 268 677 male
282 612 433 688 assumit,
450 621 584 699 propter
603 633 700 698 quam
712 611 825 698 saepiirs
841 609 1042 674 anathemate
1059 631 1133 697 per-

76 765 83 788 n,
111 715 247 784 cellitur.
257 717 313 784 llla
323 731 429 784 autem
438 716 1133 806 dimissi,Ecclesiaereconciliatur.Regnum

110 823 197 932 epp,
214 845 272 911 per
286 827 329 904 48
344 807 443 890 annos
459 824 674 913 productum,
697 825 730 890 in
747 823 976 890 duodecimum
989 815 1133 888 seculum

111 926 298 996 extenditur.
748 945 752 952 '

115 1065 118 1074 λ
135 1075 136 1078 =
154 1034 206 1100 Sic
221 1035 321 1100 tribus
336 1035 532 1126 prIneipibus
548 1047 650 1102 totum
667 1035 699 1100 in
721 1033 823 1100 Gallis
844 1035 1014 1102 conficitur
1030 1033 1135 1099 unde-

112 1140 230 1206 cimum
241 1141 385 1210 seculum
393 1168 403 1219 ;
423 1145 466 1210 ita
479 1165 605 1233 semper
619 1143 817 1232 principibus
832 1145 896 1210 suis
910 1141 992 1210 Galli
1004 1143 1135 1209 fuerunt

111 1233 233 1313 devo'ti!
319 1277 321 1288 ·
597 1249 605 1262 ⁸
875 1269 878 1276 '

537 1405 727 1475 tuceta·

152 1552 274 1620 Eodem
302 1505 448 1646 tempore
469 1559 606 1649 Angli-a,
636 1560 833 1636 Geticum,
867 1557 1001 1623 Victore
1026 1555 1133 1632 dicto,

111 1658 327 1747 principatum
349 1675 501 1744 tenente,
517 1667 635 1732 suturae
651 1666 816 1755 potestatis
836 1653 938 1754 prima
955 1663 1034 1729 dare
1052 1660 1134 1750 coepi

111 1785 293 1851 specrmma.

476 1981 480 1993 ·
577 1949 665 2040 gn.

308 2163 524 2232 Summorum
540 2167 745 2257 Pontificum
766 2167 931 2234 successio.

155 2387 320 2478 Syicester
335 2391 366 2458 II
382 2392 437 2480 qui
453 2390 630 2460 Ecclesiam
646 2391 686 2456 ab
703 2415 787 2458 anno
803 2416 869 2482 999
884 2392 1133 2490 moderabatur,

111 2515 195 2560 anno
217 2494 297 2559 1005
320 2495 467 2561 moritur.

156 2595 304 2666 loannes
319 2600 413 2670 XVII
430 2611 573 2668 sanctam
588 2600 706 2686 Sedem
722 2602 861 2691 quinque
878 2608 1003 2670 tantum
1019 2600 1149 2670 mensi,

111 2702 171 2767 bus
183 2716 329 2793 occupat.

153 2807 302 2872 loannes
317 2801 444 2885 XVIII,
464 2833 549 2874 anno
570 2833 652 2899 ¹0⁰9
667 2815 685 2875 a
701 2811 895 2880 Pontificatu
910 2833 944 2876 se
961 2796 1135 2885 abdicans,

111 2913 341 2978 monasterium
358 2915 458 3002 petit,
483 2915 538 2979 uhi
554 2927 658 2980 morte
672 2915 762 2982 brevi
777 2917 943 3005 abripitur.
1084 2966 1090 2972 .

156 3019 293 3107 Sergius
320 3017 363 3085 IV
387 3019 488 3084 tribus
512 3022 602 3086 annis
628 3019 936 3112 Ecclesiaepraeest,
958 3032 990 3086 et
1012 3009 1138 3086 decedit

110 3146 196 3187 anno
219 3147 312 3190 1012.

156 3231 355 3298 Benedictus
369 3231 466 3310 VIII,
485 3241 685 3322 nequaquam
701 3235 879 3303 reluctante
894 3235 1139 3324 pseudo-ponti-

111 3337 174 3404 fice
196 3339 373 3430 Gregorio,
392 3341 432 3406 ab
456 3343 543 3407 omni
565 3342 707 3410 Ecclesia
731 3346 931 3434 agnoscitur,
949 3357 982 3408 et
1000 3356 1073 3433 post
1100 3365 1136 3406 12

113 3446 322 3514 Pontificatds
337 3472 455 3525 annos,
470 3448 618 3516 ultimum
627 3451 731 3518 reddit
739 3452 907 3542 spiritum,
923 3473 1007 3516 anno
1017 3449 1140 3518 scilicet

118 3557 214 3633 rond.

157 3661 304 3728 loannes
325 3662 426 3738 xlx,
444 3662 608 3732 BenedIcti
626 3665 742 3742 freter,
760 3665 794 3730 in
809 3666 878 3755 ejus
896 3662 1009 3740 locum,
1021 3661 1139 3728 substi-

113 3766 233 3843 tuitur,
250 3780 282 3833 et
298 3768 449 3858 usquead
464 3792 585 3836 annum
602 3772 685 3838 1055
697 3783 814 3838 sanctae
829 3769 999 3836 Gathedrae
1010 3767 1135 3836 insidet.

160 3869 356 3938 Benedictus
369 3871 419 3939 IX
435 3872 541 3941 adhirc
551 3897 633 3964 puer
648 3873 797 3942 Ecclesiae
813 3872 1003 3964 preficitur,
1020 3882 1139 3960 etpost
