<?xml version="1.0" encoding="UTF-8"?>
<!DOCTYPE html PUBLIC "-//W3C//DTD XHTML 1.0 Transitional//EN"
    "http://www.w3.org/TR/xhtml1/DTD/xhtml1-transitional.dtd">
<html xmlns="http://www.w3.org/1999/xhtml" xml:lang="en" lang="en">
 <head>
  <title>
</title>
<meta http-equiv="Content-Type" content="text/html;charset=utf-8" />
  <meta name='ocr-system' content='tesseract 3.04.00' />
  <meta name='ocr-capabilities' content='ocr_page ocr_carea ocr_par ocr_line ocrx_word'/>
</head>
<body>
  <div class='ocr_page' id='page_1' title='image "./rhetoricasancto01cailgoog_0145.png"; bbox 0 0 2940 4570; ppageno 0'>
   <div class='ocr_carea' id='block_1_1' title="bbox 342 284 1368 576">
    <p class='ocr_par' dir='ltr' id='par_1_1' title="bbox 342 284 1368 576">
     <span class='ocr_line' id='line_1_1' title="bbox 822 287 881 352; baseline 0.034 -2"><span class='ocrx_word' id='word_1_1' title='bbox 822 287 881 352; x_wconf 78' lang='grc'>156</span> 
     </span>
     <span class='ocr_line' id='line_1_2' title="bbox 343 284 1368 526; baseline -0.002 -56"><span class='ocrx_word' id='word_1_2' title='bbox 343 405 482 526; x_wconf 74' lang='lat' dir='ltr'>quodam</span> <span class='ocrx_word' id='word_1_3' title='bbox 494 406 675 496; x_wconf 85' lang='lat' dir='ltr'>e&#39;pitaphio,</span> <span class='ocrx_word' id='word_1_4' title='bbox 692 284 835 496; x_wconf 70' lang='lat' dir='ltr'>quod(ex</span> <span class='ocrx_word' id='word_1_5' title='bbox 850 288 980 498; x_wconf 86' lang='lat' dir='ltr'>antiquo</span> <span class='ocrx_word' id='word_1_6' title='bbox 1002 393 1112 476; x_wconf 81' lang='lat' dir='ltr'>codice</span> <span class='ocrx_word' id='word_1_7' title='bbox 1136 407 1368 496; x_wconf 85' lang='lat' dir='ltr'>depromptum</span> 
     </span>
     <span class='ocr_line' id='line_1_3' title="bbox 342 522 412 576; baseline 0.029 -2"><span class='ocrx_word' id='word_1_8' title='bbox 342 522 390 575; x_wconf 85' lang='lat' dir='ltr'>est</span> <span class='ocrx_word' id='word_1_9' title='bbox 405 535 412 576; x_wconf 75' lang='grc' dir='ltr'><strong><em>ε</em></strong></span> 
     </span>
    </p>
   </div>
   <div class='ocr_carea' id='block_1_2' title="bbox 360 643 1258 1068">
    <p class='ocr_par' dir='ltr' id='par_1_2' title="bbox 360 643 1258 1068">
     <span class='ocr_line' id='line_1_4' title="bbox 396 643 1210 740; baseline 0.004 -30"><span class='ocrx_word' id='word_1_10' title='bbox 396 677 409 709; x_wconf 77' lang='grc' dir='ltr'>ι</span> <span class='ocrx_word' id='word_1_11' title='bbox 431 643 573 716; x_wconf 81' lang='lat' dir='ltr'>Hilarius</span> <span class='ocrx_word' id='word_1_12' title='bbox 583 651 670 740; x_wconf 69' lang='lat' dir='ltr'>jacet</span> <span class='ocrx_word' id='word_1_13' title='bbox 685 651 746 718; x_wconf 78' lang='lat' dir='ltr'>hdo</span> <span class='ocrx_word' id='word_1_14' title='bbox 760 650 903 720; x_wconf 83' lang='lat' dir='ltr'>Pictavus</span> <span class='ocrx_word' id='word_1_15' title='bbox 916 651 1091 740; x_wconf 81' lang='lat' dir='ltr'>Episcopus</span> <span class='ocrx_word' id='word_1_16' title='bbox 1105 651 1185 716; x_wconf 67' lang='lat' dir='ltr'>urnis</span> <span class='ocrx_word' id='word_1_17' title='bbox 1201 699 1210 723; x_wconf 85' lang='lat'><em>,</em></span> 
     </span>
     <span class='ocr_line' id='line_1_5' title="bbox 364 755 1242 831; baseline 0.008 -14"><span class='ocrx_word' id='word_1_18' title='bbox 364 797 368 808; x_wconf 78' lang='lat'>-</span> <span class='ocrx_word' id='word_1_19' title='bbox 431 785 444 818; x_wconf 71' lang='grc' dir='ltr'><strong>ι</strong></span> <span class='ocrx_word' id='word_1_20' title='bbox 474 757 630 831; x_wconf 81' lang='lat' dir='ltr'>Defensor</span> <span class='ocrx_word' id='word_1_21' title='bbox 653 769 771 823; x_wconf 84' lang='lat' dir='ltr'>nostrae</span> <span class='ocrx_word' id='word_1_22' title='bbox 793 758 950 826; x_wconf 88' lang='lat' dir='ltr'>terrificus</span> <span class='ocrx_word' id='word_1_23' title='bbox 968 755 1060 831; x_wconf 87' lang='lat' dir='ltr'>fidei;</span> <span class='ocrx_word' id='word_1_24' title='bbox 1240 757 1242 764; x_wconf 75' lang='grc'><em>’</em></span> 
     </span>
     <span class='ocr_line' id='line_1_6' title="bbox 360 863 1196 954; baseline 0.004 -30"><span class='ocrx_word' id='word_1_25' title='bbox 360 887 363 896; x_wconf 58' lang='lat'><strong><em>⁴</em></strong></span> <span class='ocrx_word' id='word_1_26' title='bbox 391 881 409 925; x_wconf 67' lang='lat'>»⁴</span> <span class='ocrx_word' id='word_1_27' title='bbox 436 865 530 930; x_wconf 85' lang='lat' dir='ltr'>Istius</span> <span class='ocrx_word' id='word_1_28' title='bbox 558 873 721 954; x_wconf 87' lang='lat' dir='ltr'>aspectum</span> <span class='ocrx_word' id='word_1_29' title='bbox 741 863 1196 954; x_wconf 74' lang='lat' dir='ltr'>serpentesferrenequibant3</span> 
     </span>
     <span class='ocr_line' id='line_1_7' title="bbox 432 969 1258 1068; baseline -0.001 -37"><span class='ocrx_word' id='word_1_30' title='bbox 432 998 445 1031; x_wconf 76' lang='grc' dir='ltr'><strong><em>ι</em></strong></span> <span class='ocrx_word' id='word_1_31' title='bbox 476 969 590 1068; x_wconf 77' lang='lat' dir='ltr'>Nescio</span> <span class='ocrx_word' id='word_1_32' title='bbox 602 993 670 1062; x_wconf 82' lang='lat' dir='ltr'>quae</span> <span class='ocrx_word' id='word_1_33' title='bbox 685 972 717 1036; x_wconf 93' lang='lat' dir='ltr'>in</span> <span class='ocrx_word' id='word_1_34' title='bbox 734 969 824 1036; x_wconf 87' lang='lat' dir='ltr'>vultu</span> <span class='ocrx_word' id='word_1_35' title='bbox 836 969 957 1060; x_wconf 89' lang='lat' dir='ltr'>spicula</span> <span class='ocrx_word' id='word_1_36' title='bbox 973 969 1110 1038; x_wconf 80' lang='lat' dir='ltr'>Sanctus</span> <span class='ocrx_word' id='word_1_37' title='bbox 1121 969 1258 1036; x_wconf 78' lang='lat' dir='ltr'>habet.»</span> 
     </span>
    </p>
   </div>
   <div class='ocr_carea' id='block_1_3' title="bbox 345 1099 1377 1302">
    <p class='ocr_par' dir='ltr' id='par_1_3' title="bbox 345 1099 1377 1302">
     <span class='ocr_line' id='line_1_8' title="bbox 396 1099 1377 1196; baseline -0.002 -26"><span class='ocrx_word' id='word_1_38' title='bbox 396 1103 486 1178; x_wconf 77' lang='lat' dir='ltr'>Licet</span> <span class='ocrx_word' id='word_1_39' title='bbox 523 1119 631 1173; x_wconf 86' lang='lat' dir='ltr'>autem</span> <span class='ocrx_word' id='word_1_40' title='bbox 656 1119 704 1173; x_wconf 88' lang='lat' dir='ltr'>tot</span> <span class='ocrx_word' id='word_1_41' title='bbox 738 1109 898 1196; x_wconf 85' lang='lat' dir='ltr'>tantisque</span> <span class='ocrx_word' id='word_1_42' title='bbox 918 1099 1112 1184; x_wconf 76' lang='lat' dir='ltr'>¹celebratus</span> <span class='ocrx_word' id='word_1_43' title='bbox 1143 1104 1239 1171; x_wconf 82' lang='lat' dir='ltr'>inerit</span> <span class='ocrx_word' id='word_1_44' title='bbox 1273 1125 1377 1170; x_wconf 87' lang='lat' dir='ltr'>enco—</span> 
     </span>
     <span class='ocr_line' id='line_1_9' title="bbox 345 1207 1377 1302; baseline -0.001 -29"><span class='ocrx_word' id='word_1_45' title='bbox 345 1209 435 1296; x_wconf 83' lang='lat' dir='ltr'>miis,</span> <span class='ocrx_word' id='word_1_46' title='bbox 464 1207 540 1274; x_wconf 75' lang='lat' dir='ltr'>licet</span> <span class='ocrx_word' id='word_1_47' title='bbox 566 1211 634 1298; x_wconf 87' lang='lat' dir='ltr'>ejus</span> <span class='ocrx_word' id='word_1_48' title='bbox 662 1233 757 1300; x_wconf 86' lang='lat' dir='ltr'>opera</span> <span class='ocrx_word' id='word_1_49' title='bbox 785 1209 949 1301; x_wconf 70' lang='lat' dir='ltr'>inoffenso</span> <span class='ocrx_word' id='word_1_50' title='bbox 979 1212 1061 1302; x_wconf 80' lang='lat' dir='ltr'>pede</span> <span class='ocrx_word' id='word_1_51' title='bbox 1092 1209 1226 1275; x_wconf 71' lang='lat' dir='ltr'>dormi</span> <span class='ocrx_word' id='word_1_52' title='bbox 1253 1220 1377 1292; x_wconf 84' lang='lat' dir='ltr'>asserat</span> 
     </span>
    </p>
   </div>
   <div class='ocr_carea' id='block_1_4' title="bbox 241 1310 1376 1404">
    <p class='ocr_par' dir='ltr' id='par_1_4' title="bbox 241 1310 1376 1404">
     <span class='ocr_line' id='line_1_10' title="bbox 241 1310 1376 1404; baseline -0.002 -26"><span class='ocrx_word' id='word_1_53' title='bbox 241 1313 247 1321; x_wconf 72' lang='grc'><strong><em>’</em></strong></span> <span class='ocrx_word' id='word_1_54' title='bbox 346 1313 560 1404; x_wconf 71' lang='lat' dir='ltr'>Hieronymus</span> <span class='ocrx_word' id='word_1_55' title='bbox 573 1315 693 1404; x_wconf 82' lang='lat' dir='ltr'>(Epist.</span> <span class='ocrx_word' id='word_1_56' title='bbox 705 1315 791 1402; x_wconf 83' lang='lat' dir='ltr'>7,ad</span> <span class='ocrx_word' id='word_1_57' title='bbox 803 1313 970 1402; x_wconf 68' lang='lat' dir='ltr'>Laetam),</span> <span class='ocrx_word' id='word_1_58' title='bbox 984 1337 1049 1380; x_wconf 94' lang='lat' dir='ltr'>non</span> <span class='ocrx_word' id='word_1_59' title='bbox 1066 1313 1276 1380; x_wconf 87' lang='lat' dir='ltr'>inficiandum</span> <span class='ocrx_word' id='word_1_60' title='bbox 1288 1310 1376 1377; x_wconf 91' lang='lat' dir='ltr'>illius</span> 
     </span>
    </p>
   </div>
   <div class='ocr_carea' id='block_1_5' title="bbox 347 1407 1379 1928">
    <p class='ocr_par' dir='ltr' id='par_1_5' title="bbox 347 1407 1379 1928">
     <span class='ocr_line' id='line_1_11' title="bbox 347 1407 1376 1510; baseline -0.001 -29"><span class='ocrx_word' id='word_1_61' title='bbox 347 1415 494 1506; x_wconf 81' lang='lat' dir='ltr'>quaedam</span> <span class='ocrx_word' id='word_1_62' title='bbox 511 1417 643 1510; x_wconf 85' lang='lat' dir='ltr'>culputa</span> <span class='ocrx_word' id='word_1_63' title='bbox 658 1419 774 1494; x_wconf 83' lang='lat' dir='ltr'>foisse,</span> <span class='ocrx_word' id='word_1_64' title='bbox 789 1419 853 1484; x_wconf 70' lang='lat' dir='ltr'>sive</span> <span class='ocrx_word' id='word_1_65' title='bbox 868 1418 1023 1508; x_wconf 82' lang='lat' dir='ltr'>cogitata,</span> <span class='ocrx_word' id='word_1_66' title='bbox 1041 1419 1105 1484; x_wconf 88' lang='lat' dir='ltr'>sive</span> <span class='ocrx_word' id='word_1_67' title='bbox 1118 1415 1203 1484; x_wconf 89' lang='lat' dir='ltr'>dicta</span> <span class='ocrx_word' id='word_1_68' title='bbox 1219 1407 1376 1504; x_wconf 75' lang='lat' dir='ltr'>tanquam</span> 
     </span>
     <span class='ocr_line' id='line_1_12' title="bbox 348 1523 1376 1614; baseline 0.001 -26"><span class='ocrx_word' id='word_1_69' title='bbox 348 1523 501 1594; x_wconf 77' lang='lat' dir='ltr'>doctrina</span> <span class='ocrx_word' id='word_1_70' title='bbox 523 1523 695 1592; x_wconf 79' lang='lat' dir='ltr'>Catholicae</span> <span class='ocrx_word' id='word_1_71' title='bbox 715 1526 821 1592; x_wconf 85' lang='lat' dir='ltr'>minus</span> <span class='ocrx_word' id='word_1_72' title='bbox 843 1538 1079 1603; x_wconf 86' lang='lat' dir='ltr'>consentanea,</span> <span class='ocrx_word' id='word_1_73' title='bbox 1101 1526 1184 1591; x_wconf 89' lang='lat' dir='ltr'>inter</span> <span class='ocrx_word' id='word_1_74' title='bbox 1204 1547 1275 1614; x_wconf 82' lang='lat' dir='ltr'>quae</span> <span class='ocrx_word' id='word_1_75' title='bbox 1289 1547 1376 1612; x_wconf 86' lang='lat' dir='ltr'>prae-</span> 
     </span>
     <span class='ocr_line' id='line_1_13' title="bbox 347 1625 1374 1721; baseline -0.004 -23"><span class='ocrx_word' id='word_1_76' title='bbox 347 1629 441 1718; x_wconf 77' lang='lat' dir='ltr'>cipue</span> <span class='ocrx_word' id='word_1_77' title='bbox 470 1631 610 1696; x_wconf 85' lang='lat' dir='ltr'>notanda</span> <span class='ocrx_word' id='word_1_78' title='bbox 637 1629 690 1696; x_wconf 77' lang='lat' dir='ltr'>itta</span> <span class='ocrx_word' id='word_1_79' title='bbox 715 1629 761 1696; x_wconf 90' lang='lat' dir='ltr'>de</span> <span class='ocrx_word' id='word_1_80' title='bbox 784 1625 902 1696; x_wconf 85' lang='lat' dir='ltr'>Christi</span> <span class='ocrx_word' id='word_1_81' title='bbox 925 1633 1073 1721; x_wconf 83' lang='lat' dir='ltr'>passione</span> <span class='ocrx_word' id='word_1_82' title='bbox 1101 1631 1284 1706; x_wconf 87' lang='lat' dir='ltr'>sententia,</span> <span class='ocrx_word' id='word_1_83' title='bbox 1311 1638 1374 1718; x_wconf 75' lang='lat' dir='ltr'>qua</span> 
     </span>
     <span class='ocr_line' id='line_1_14' title="bbox 352 1726 1376 1826; baseline 0.004 -28"><span class='ocrx_word' id='word_1_84' title='bbox 352 1733 516 1800; x_wconf 82' lang='lat' dir='ltr'>Christum</span> <span class='ocrx_word' id='word_1_85' title='bbox 533 1726 663 1806; x_wconf 66' lang='lat' dir='ltr'>uulnera</span> <span class='ocrx_word' id='word_1_86' title='bbox 679 1733 808 1823; x_wconf 91' lang='lat' dir='ltr'>quidem</span> <span class='ocrx_word' id='word_1_87' title='bbox 823 1737 1006 1826; x_wconf 81' lang='lat' dir='ltr'>accepisse,</span> <span class='ocrx_word' id='word_1_88' title='bbox 1026 1741 1045 1800; x_wconf 78' lang='lat' dir='ltr'>a</span> <span class='ocrx_word' id='word_1_89' title='bbox 1062 1733 1248 1805; x_wconf 85' lang='lat' dir='ltr'>vulneribus</span> <span class='ocrx_word' id='word_1_90' title='bbox 1267 1748 1376 1802; x_wconf 90' lang='lat' dir='ltr'>autem</span> 
     </span>
     <span class='ocr_line' id='line_1_15' title="bbox 350 1839 1379 1928; baseline -0.001 -22"><span class='ocrx_word' id='word_1_91' title='bbox 350 1863 416 1906; x_wconf 92' lang='lat' dir='ltr'>non</span> <span class='ocrx_word' id='word_1_92' title='bbox 432 1841 570 1908; x_wconf 84' lang='lat' dir='ltr'>doluisse</span> <span class='ocrx_word' id='word_1_93' title='bbox 592 1839 787 1906; x_wconf 86' lang='lat' dir='ltr'>contendere</span> <span class='ocrx_word' id='word_1_94' title='bbox 802 1840 938 1908; x_wconf 79' lang='lat' dir='ltr'>videtur.</span> <span class='ocrx_word' id='word_1_95' title='bbox 949 1840 1041 1907; x_wconf 81' lang='lat' dir='ltr'>Adde</span> <span class='ocrx_word' id='word_1_96' title='bbox 1060 1839 1147 1928; x_wconf 77' lang='lat' dir='ltr'>quod</span> <span class='ocrx_word' id='word_1_97' title='bbox 1170 1841 1291 1912; x_wconf 87' lang='lat' dir='ltr'>animas</span> <span class='ocrx_word' id='word_1_98' title='bbox 1308 1865 1379 1912; x_wconf 87' lang='lat' dir='ltr'>cor-</span> 
     </span>
    </p>
   </div>
   <div class='ocr_carea' id='block_1_6' title="bbox 229 1943 1379 2038">
    <p class='ocr_par' dir='ltr' id='par_1_6' title="bbox 229 1943 1379 2038">
     <span class='ocr_line' id='line_1_16' title="bbox 229 1943 1379 2038; baseline 0.004 -29"><span class='ocrx_word' id='word_1_99' title='bbox 229 1958 234 1962; x_wconf 76' lang='grc'><strong><em>·</em></strong></span> <span class='ocrx_word' id='word_1_100' title='bbox 350 1943 476 2034; x_wconf 84' lang='lat' dir='ltr'>porales</span> <span class='ocrx_word' id='word_1_101' title='bbox 489 1947 678 2028; x_wconf 76' lang='lat' dir='ltr'>admittere,</span> <span class='ocrx_word' id='word_1_102' title='bbox 695 1945 782 2034; x_wconf 79' lang='lat' dir='ltr'>quod</span> <span class='ocrx_word' id='word_1_103' title='bbox 798 1945 834 2012; x_wconf 89' lang='lat' dir='ltr'>B.</span> <span class='ocrx_word' id='word_1_104' title='bbox 853 1945 1018 2036; x_wconf 83' lang='lat' dir='ltr'>Virginem</span> <span class='ocrx_word' id='word_1_105' title='bbox 1031 1947 1064 2012; x_wconf 90' lang='lat' dir='ltr'>in</span> <span class='ocrx_word' id='word_1_106' title='bbox 1079 1947 1152 2032; x_wconf 76' lang='lat' dir='ltr'>igne</span> <span class='ocrx_word' id='word_1_107' title='bbox 1170 1946 1282 2036; x_wconf 86' lang='lat' dir='ltr'>judicii</span> <span class='ocrx_word' id='word_1_108' title='bbox 1302 1971 1379 2038; x_wconf 50' lang='lat' dir='ltr'>per-1</span> 
     </span>
    </p>
   </div>
   <div class='ocr_carea' id='block_1_7' title="bbox 275 2047 1380 2666">
    <p class='ocr_par' dir='ltr' id='par_1_7' title="bbox 275 2047 1380 2666">
     <span class='ocr_line' id='line_1_17' title="bbox 351 2047 1380 2147; baseline 0.001 -32"><span class='ocrx_word' id='word_1_109' title='bbox 351 2047 523 2147; x_wconf 64' lang='lat' dir='ltr'>faciendam</span> <span class='ocrx_word' id='word_1_110' title='bbox 552 2049 727 2125; x_wconf 86' lang='lat' dir='ltr'>affirmare,</span> <span class='ocrx_word' id='word_1_111' title='bbox 752 2049 840 2137; x_wconf 80' lang='lat' dir='ltr'>quod</span> <span class='ocrx_word' id='word_1_112' title='bbox 865 2049 1023 2118; x_wconf 90' lang='lat' dir='ltr'>mundum</span> <span class='ocrx_word' id='word_1_113' title='bbox 1045 2062 1117 2140; x_wconf 88' lang='lat' dir='ltr'>post</span> <span class='ocrx_word' id='word_1_114' title='bbox 1140 2073 1298 2116; x_wconf 89' lang='lat' dir='ltr'>annorum</span> <span class='ocrx_word' id='word_1_115' title='bbox 1326 2075 1380 2118; x_wconf 84' lang='lat' dir='ltr'>sex</span> 
     </span>
     <span class='ocr_line' id='line_1_18' title="bbox 321 2153 1377 2246; baseline 0 -22"><span class='ocrx_word' id='word_1_116' title='bbox 321 2237 323 2240; x_wconf 16' lang='grc' dir='ltr'>Ι</span> <span class='ocrx_word' id='word_1_117' title='bbox 351 2155 451 2224; x_wconf 86' lang='lat' dir='ltr'>millia</span> <span class='ocrx_word' id='word_1_118' title='bbox 479 2155 651 2222; x_wconf 86' lang='lat' dir='ltr'>delendum</span> <span class='ocrx_word' id='word_1_119' title='bbox 670 2156 817 2223; x_wconf 87' lang='lat' dir='ltr'>docuisse</span> <span class='ocrx_word' id='word_1_120' title='bbox 844 2157 1003 2224; x_wconf 88' lang='lat' dir='ltr'>credatur.</span> <span class='ocrx_word' id='word_1_121' title='bbox 1023 2157 1101 2224; x_wconf 85' lang='lat' dir='ltr'>Haec</span> <span class='ocrx_word' id='word_1_122' title='bbox 1115 2153 1233 2224; x_wconf 51' lang='lat' dir='ltr'>&#39;autem</span> <span class='ocrx_word' id='word_1_123' title='bbox 1254 2181 1326 2246; x_wconf 86' lang='lat' dir='ltr'>quae</span> <span class='ocrx_word' id='word_1_124' title='bbox 1351 2159 1377 2224; x_wconf 91' lang='lat' dir='ltr'>si</span> 
     </span>
     <span class='ocr_line' id='line_1_19' title="bbox 352 2259 1379 2348; baseline 0 -23"><span class='ocrx_word' id='word_1_125' title='bbox 352 2265 462 2326; x_wconf 75' lang='lat' dir='ltr'>reuera</span> <span class='ocrx_word' id='word_1_126' title='bbox 499 2261 670 2326; x_wconf 85' lang='lat' dir='ltr'>existerent</span> <span class='ocrx_word' id='word_1_127' title='bbox 696 2259 746 2326; x_wconf 83' lang='lat' dir='ltr'>vei</span> <span class='ocrx_word' id='word_1_128' title='bbox 764 2283 860 2348; x_wconf 87' lang='lat' dir='ltr'>parva</span> <span class='ocrx_word' id='word_1_129' title='bbox 884 2261 917 2328; x_wconf 95' lang='lat' dir='ltr'>in</span> <span class='ocrx_word' id='word_1_130' title='bbox 940 2259 1013 2340; x_wconf 50' lang='lat' dir='ltr'>sole¹</span> <span class='ocrx_word' id='word_1_131' title='bbox 1035 2261 1151 2338; x_wconf 82' lang='lat' dir='ltr'>labes,</span> <span class='ocrx_word' id='word_1_132' title='bbox 1178 2259 1228 2326; x_wconf 87' lang='lat' dir='ltr'>vei</span> <span class='ocrx_word' id='word_1_133' title='bbox 1244 2260 1379 2327; x_wconf 85' lang='lat' dir='ltr'>leviores</span> 
     </span>
     <span class='ocr_line' id='line_1_20' title="bbox 351 2363 1377 2453; baseline -0.002 -21"><span class='ocrx_word' id='word_1_134' title='bbox 351 2367 384 2432; x_wconf 90' lang='lat' dir='ltr'>in</span> <span class='ocrx_word' id='word_1_135' title='bbox 416 2363 550 2453; x_wconf 75' lang='lat' dir='ltr'>pulchra</span> <span class='ocrx_word' id='word_1_136' title='bbox 587 2363 704 2434; x_wconf 79' lang='lat' dir='ltr'>tabella</span> <span class='ocrx_word' id='word_1_137' title='bbox 735 2365 857 2448; x_wconf 72' lang='lat' dir='ltr'>umbrae</span> <span class='ocrx_word' id='word_1_138' title='bbox 884 2387 950 2433; x_wconf 90' lang='lat' dir='ltr'>non</span> <span class='ocrx_word' id='word_1_139' title='bbox 987 2367 1148 2434; x_wconf 81' lang='lat' dir='ltr'>immerito</span> <span class='ocrx_word' id='word_1_140' title='bbox 1175 2367 1377 2442; x_wconf 83' lang='lat' dir='ltr'>dicerentur,</span> 
     </span>
     <span class='ocr_line' id='line_1_21' title="bbox 348 2458 1376 2568; baseline -0.001 -29"><span class='ocrx_word' id='word_1_141' title='bbox 348 2471 522 2560; x_wconf 82' lang='lat' dir='ltr'>benignam</span> <span class='ocrx_word' id='word_1_142' title='bbox 548 2472 844 2560; x_wconf 82' lang='lat' dir='ltr'>interpretationem</span> <span class='ocrx_word' id='word_1_143' title='bbox 858 2458 1012 2560; x_wconf 78' lang='lat' dir='ltr'>&#39;accipere</span> <span class='ocrx_word' id='word_1_144' title='bbox 1040 2497 1132 2562; x_wconf 85' lang='lat' dir='ltr'>posse</span> <span class='ocrx_word' id='word_1_145' title='bbox 1158 2471 1267 2568; x_wconf 84' lang='lat' dir='ltr'>plures</span> <span class='ocrx_word' id='word_1_146' title='bbox 1294 2474 1376 2547; x_wconf 86' lang='lat' dir='ltr'>inter</span> 
     </span>
     <span class='ocr_line' id='line_1_22' title="bbox 275 2566 1156 2666; baseline 0.002 -24"><span class='ocrx_word' id='word_1_147' title='bbox 275 2566 278 2574; x_wconf 59' lang='lat'>&#39;</span> <span class='ocrx_word' id='word_1_148' title='bbox 350 2575 461 2660; x_wconf 86' lang='lat' dir='ltr'>doctos</span> <span class='ocrx_word' id='word_1_149' title='bbox 472 2575 583 2648; x_wconf 84' lang='lat' dir='ltr'>validis</span> <span class='ocrx_word' id='word_1_150' title='bbox 595 2575 887 2666; x_wconf 86' lang='lat' dir='ltr'>comprobaverunt</span> <span class='ocrx_word' id='word_1_151' title='bbox 900 2579 1106 2664; x_wconf 82' lang='lat' dir='ltr'>argumentis.</span> <span class='ocrx_word' id='word_1_152' title='bbox 1154 2627 1156 2630; x_wconf 89' lang='lat'>-</span> 
     </span>
    </p>
   </div>
   <div class='ocr_carea' id='block_1_8' title="bbox 677 2753 1048 2802">
    <p class='ocr_par' dir='ltr' id='par_1_8' title="bbox 677 2753 1048 2802">
     <span class='ocr_line' id='line_1_23' title="bbox 677 2753 1048 2802; baseline 0 -4"><span class='ocrx_word' id='word_1_153' title='bbox 677 2753 847 2802; x_wconf 74' lang='lat' dir='ltr'>nulrtottns</span> <span class='ocrx_word' id='word_1_154' title='bbox 870 2753 1048 2800; x_wconf 74' lang='lat' dir='ltr'>PRAECIPUAE.</span> 
     </span>
    </p>
   </div>
   <div class='ocr_carea' id='block_1_9' title="bbox 247 2890 1417 3510">
    <p class='ocr_par' dir='ltr' id='par_1_9' title="bbox 247 2890 1417 3400">
     <span class='ocr_line' id='line_1_24' title="bbox 383 2890 1377 2982; baseline 0.002 -25"><span class='ocrx_word' id='word_1_155' title='bbox 383 2890 454 2958; x_wconf 68' lang='lat' dir='ltr'>dn.</span> <span class='ocrx_word' id='word_1_156' title='bbox 482 2891 586 2968; x_wconf 76' lang='lat'>1665,</span> <span class='ocrx_word' id='word_1_157' title='bbox 602 2891 768 2969; x_wconf 82' lang='lat' dir='ltr'>Parisiis,</span> <span class='ocrx_word' id='word_1_158' title='bbox 784 2892 899 2957; x_wconf 88' lang='lat' dir='ltr'>amissa</span> <span class='ocrx_word' id='word_1_159' title='bbox 920 2903 969 2980; x_wconf 80' lang='lat' dir='ltr'>est</span> <span class='ocrx_word' id='word_1_160' title='bbox 983 2891 1020 2957; x_wconf 92' lang='lat' dir='ltr'>B.</span> <span class='ocrx_word' id='word_1_161' title='bbox 1037 2891 1151 2982; x_wconf 85' lang='lat' dir='ltr'>¹Hilarii</span> <span class='ocrx_word' id='word_1_162' title='bbox 1165 2893 1264 2959; x_wconf 90' lang='lat' dir='ltr'>editio</span> <span class='ocrx_word' id='word_1_163' title='bbox 1279 2895 1377 2968; x_wconf 81' lang='lat' dir='ltr'>doctis</span> 
     </span>
     <span class='ocr_line' id='line_1_25' title="bbox 247 2997 1378 3076; baseline 0 -10"><span class='ocrx_word' id='word_1_164' title='bbox 247 3043 250 3050; x_wconf 89' lang='lat'>·</span> <span class='ocrx_word' id='word_1_165' title='bbox 349 2999 487 3066; x_wconf 73' lang='lat' dir='ltr'>maxima</span> <span class='ocrx_word' id='word_1_166' title='bbox 503 2997 745 3076; x_wconf 87' lang='lat' dir='ltr'>commendata,</span> <span class='ocrx_word' id='word_1_167' title='bbox 767 3009 903 3066; x_wconf 85' lang='lat' dir='ltr'>curante</span> <span class='ocrx_word' id='word_1_168' title='bbox 919 2999 962 3063; x_wconf 91' lang='lat' dir='ltr'>D.</span> <span class='ocrx_word' id='word_1_169' title='bbox 982 2999 1080 3064; x_wconf 79' lang='lat' dir='ltr'>Petro</span> <span class='ocrx_word' id='word_1_170' title='bbox 1096 2999 1257 3066; x_wconf 76' lang='lat' dir='ltr'>Constant</span> <span class='ocrx_word' id='word_1_171' title='bbox 1277 3001 1378 3072; x_wconf 76' lang='lat' dir='ltr'>Bane-</span> 
     </span>
     <span class='ocr_line' id='line_1_26' title="bbox 349 3100 1417 3192; baseline 0 -22"><span class='ocrx_word' id='word_1_172' title='bbox 349 3103 486 3170; x_wconf 79' lang='lat' dir='ltr'>dietino.</span> <span class='ocrx_word' id='word_1_173' title='bbox 511 3101 575 3167; x_wconf 89' lang='lat' dir='ltr'>Sed</span> <span class='ocrx_word' id='word_1_174' title='bbox 591 3100 677 3166; x_wconf 86' lang='lat' dir='ltr'>nulla</span> <span class='ocrx_word' id='word_1_175' title='bbox 690 3101 833 3190; x_wconf 75' lang='lat' dir='ltr'>&#39;amplior</span> <span class='ocrx_word' id='word_1_176' title='bbox 845 3112 878 3166; x_wconf 89' lang='lat' dir='ltr'>et</span> <span class='ocrx_word' id='word_1_177' title='bbox 890 3101 1091 3168; x_wconf 87' lang='lat' dir='ltr'>emendatior</span> <span class='ocrx_word' id='word_1_178' title='bbox 1105 3103 1267 3180; x_wconf 78' lang='lat' dir='ltr'>occurrit,</span> <span class='ocrx_word' id='word_1_179' title='bbox 1285 3111 1376 3192; x_wconf 76' lang='lat' dir='ltr'>quam</span> <span class='ocrx_word' id='word_1_180' title='bbox 1401 3118 1417 3148; x_wconf 70' lang='lat'><strong>⁴</strong></span> 
     </span>
     <span class='ocr_line' id='line_1_27' title="bbox 347 3199 1377 3297; baseline 0 -23"><span class='ocrx_word' id='word_1_181' title='bbox 347 3231 385 3274; x_wconf 89' lang='lat' dir='ltr'>ca</span> <span class='ocrx_word' id='word_1_182' title='bbox 404 3229 473 3295; x_wconf 88' lang='lat' dir='ltr'>quae</span> <span class='ocrx_word' id='word_1_183' title='bbox 492 3205 525 3268; x_wconf 91' lang='lat' dir='ltr'><em>V</em></span> <span class='ocrx_word' id='word_1_184' title='bbox 524 3229 632 3271; x_wconf 73' lang='lat' dir='ltr'>eroum</span> <span class='ocrx_word' id='word_1_185' title='bbox 650 3208 784 3274; x_wconf 86' lang='lat' dir='ltr'>curante</span> <span class='ocrx_word' id='word_1_186' title='bbox 805 3205 962 3292; x_wconf 79' lang='lat' dir='ltr'>Scipione</span> <span class='ocrx_word' id='word_1_187' title='bbox 995 3205 1117 3297; x_wconf 81' lang='lat' dir='ltr'>Maffci</span> <span class='ocrx_word' id='word_1_188' title='bbox 1141 3199 1280 3296; x_wconf 75' lang='lat' dir='ltr'>publicat</span> <span class='ocrx_word' id='word_1_189' title='bbox 1306 3207 1377 3281; x_wconf 84' lang='lat' dir='ltr'>fidei</span> 
     </span>
     <span class='ocr_line' id='line_1_28' title="bbox 350 3305 1248 3400; baseline -0.004 -21"><span class='ocrx_word' id='word_1_190' title='bbox 350 3313 468 3379; x_wconf 81' lang='lat' dir='ltr'>tradita</span> <span class='ocrx_word' id='word_1_191' title='bbox 484 3323 551 3388; x_wconf 85' lang='lat' dir='ltr'>est,</span> <span class='ocrx_word' id='word_1_192' title='bbox 570 3335 609 3378; x_wconf 89' lang='lat' dir='ltr'>an</span> <span class='ocrx_word' id='word_1_193' title='bbox 633 3315 735 3400; x_wconf 80' lang='lat'><strong>1750,</strong></span> <span class='ocrx_word' id='word_1_194' title='bbox 760 3308 866 3377; x_wconf 83' lang='lat' dir='ltr'>in—fol.</span> <span class='ocrx_word' id='word_1_195' title='bbox 1245 3305 1248 3310; x_wconf 58' lang='grc'>’</span> 
     </span>
    </p>

    <p class='ocr_par' dir='ltr' id='par_1_10' title="bbox 396 3414 1289 3510">
     <span class='ocr_line' id='line_1_29' title="bbox 396 3414 1289 3510; baseline 0.003 -29"><span class='ocrx_word' id='word_1_196' title='bbox 396 3415 489 3488; x_wconf 85' lang='lat' dir='ltr'>Nulla</span> <span class='ocrx_word' id='word_1_197' title='bbox 503 3417 668 3494; x_wconf 73' lang='lat' dir='ltr'>reserenda</span> <span class='ocrx_word' id='word_1_198' title='bbox 682 3418 841 3510; x_wconf 88' lang='lat' dir='ltr'>reperitur</span> <span class='ocrx_word' id='word_1_199' title='bbox 856 3414 893 3482; x_wconf 84' lang='lat' dir='ltr'>B.</span> <span class='ocrx_word' id='word_1_200' title='bbox 915 3415 1026 3484; x_wconf 76' lang='lat' dir='ltr'>Hilarii</span> <span class='ocrx_word' id='word_1_201' title='bbox 1043 3417 1163 3486; x_wconf 85' lang='lat' dir='ltr'>Gallica</span> <span class='ocrx_word' id='word_1_202' title='bbox 1176 3419 1289 3491; x_wconf 74' lang='lat' dir='ltr'>versio,</span> 
     </span>
    </p>
   </div>
   <div class='ocr_carea' id='block_1_10' title="bbox 852 3641 953 3677">
    <p class='ocr_par' dir='ltr' id='par_1_11' title="bbox 852 3641 953 3677">
     <span class='ocr_line' id='line_1_30' title="bbox 852 3641 953 3677; baseline 0 0"><span class='ocrx_word' id='word_1_203' title='bbox 852 3642 857 3650; x_wconf 95' lang='lat'>&#39;</span> <span class='ocrx_word' id='word_1_204' title='bbox 937 3641 953 3677; x_wconf 80' lang='lat' dir='ltr'><em>l</em></span> 
     </span>
    </p>
   </div>
   <div class='ocr_carea' id='block_1_11' title="bbox 0 0 1475 4564">
    <p class='ocr_par' dir='ltr' id='par_1_12' title="bbox 0 0 1475 4564">
     <span class='ocr_line' id='line_1_31' title="bbox 0 0 1475 4564; baseline 0 0"><span class='ocrx_word' id='word_1_205' title='bbox 0 0 1475 4564; x_wconf 95' lang='lat' dir='ltr'> </span> 
     </span>
    </p>
   </div>
  </div>
 </body>
</html>
