2940 4570
540 314 652 398 (⁸⁵)
752 318 765 358 0

67 452 101 508 et
116 437 266 528 exemplo
278 438 442 507 mentibus
454 439 757 528 inserebnt‚quibus
767 440 837 506 fuse
848 440 1041 510 enumeratis
1056 440 1098 506 tu

67 544 174 633 pergit
196 541 234 608 B.
268 543 458 632 Gregorius:
489 541 635 608 «Praeter
651 555 800 609 caeteram
817 552 890 610 vero
912 544 1099 612 industriam

69 677 82 708 s
116 634 329 726 adstudium,
346 645 444 725 illud,
463 673 528 738 quo
550 650 581 717 in
605 649 774 738 theologiae
790 649 936 718 doctrina
955 663 988 718 et
1009 675 1101 718 reve-

72 781 87 813 »
118 755 222 819 rentii
238 753 329 820 nobis
345 752 548 820 instituendis
562 767 610 820 est
629 779 722 832 usus,
741 756 857 846 quibus
874 757 977 822 verbis
992 755 1101 846 eloqui

75 888 89 920 s
122 862 258 950 possim,
275 873 329 926 aut
346 863 429 950 ipsos
445 861 504 926 viri
516 885 627 928 sensus
642 875 811 952 penetrare
824 914 833 940 ,
846 887 910 952 quo
922 863 1055 930 consilio
1067 875 1100 930 et

77 991 90 1024 s
120 976 270 1052 apparatu
286 987 397 1028 omnes
414 963 454 1028 do
470 963 538 1030 Deo
555 977 822 1054 sermonesatque
834 967 1006 1032 sententias
1021 965 1101 1030 edis·

77 1097 90 1130 ι
122 1093 194 1136 cere
208 1093 266 1133 nos
282 1067 399 1134 vellet?
412 1067 532 1136 Sednlb
547 1061 660 1136 colons
674 1094 716 1136 ne
732 1071 854 1160 uspiam
868 1073 899 1138 iu
909 1096 944 1138 re
956 1072 1099 1138 omnium
1188 1058 1190 1070 ¹

75 1200 88 1231 ι
119 1173 318 1247 necessaria,
335 1172 399 1238 hoc
425 1185 493 1250 est,
510 1174 542 1238 in
568 1174 678 1264 primae
706 1176 849 1241 omnium
866 1199 967 1243 causae
987 1175 1099 1268 cogni·
1160 1199 1168 1216 ·

74 1307 86 1340 s
119 1279 207 1345 tione
217 1277 512 1369 periclitaremur...
533 1281 604 1372 lpse
617 1295 723 1348 autem
735 1283 830 1350 simul
841 1283 993 1350 incedens
1007 1284 1100 1374 prasi-

73 1415 85 1448 »
118 1389 193 1466 bat,
211 1413 374 1480 manuque
390 1389 510 1456 ducens
528 1398 679 1478 tanquam
696 1393 729 1456 in
746 1392 813 1469 vio,
832 1391 950 1482 siquid
967 1398 1100 1480 usquam

74 1521 87 1554 ι
118 1492 297 1558 flexuosum
311 1505 515 1571 occurreret,
529 1508 584 1560 aut
596 1495 730 1562 infidum
745 1509 778 1562 ot
794 1495 835 1561 ad
850 1495 995 1566 fraudem
1008 1521 1100 1566 oom-

77 1626 89 1660 ι
121 1598 282 1688 positum,
299 1597 387 1663 velut
407 1599 530 1686 peritus
554 1601 686 1678 artilex,
703 1602 755 1668 cui
775 1600 903 1692 blongo
920 1628 977 1669 usu
1004 1615 1099 1692 atque

76 1733 89 1765 s
122 1705 348 1772 exercitatione
365 1704 610 1796 philosophandi
627 1705 706 1772 nihil
723 1706 862 1774 insolens
876 1710 917 1774 sit
932 1733 994 1776 nec
1008 1712 1098 1776 inex·

79 1837 92 1871 ι
125 1823 272 1898 portum,
289 1823 320 1876 et
332 1808 476 1876 sublimis
489 1811 554 1900 ipse
570 1811 603 1876 in
619 1823 688 1876 tuto
698 1826 824 1888 manet,
838 1836 875 1879 ao
887 1835 1017 1878 manum
1031 1811 1099 1880 aliis

81 1942 95 1974 ι
127 1916 311 2006 porrigens,
339 1913 434 1980 veluti
458 1917 512 2004 qui
536 1915 762 2006 demergantur
783 1917 951 1983 extrahens
973 1930 1098 1984 servat:

77 2048 90 2080 s
123 2021 164 2090 ita
182 2021 334 2110 quidquid
358 2022 443 2110 apud
461 2020 601 2112 singulos
616 2021 822 2113 philosophos
839 2023 916 2090 utile
932 2047 1095 2090 noverum

74 2155 87 2186 ι
120 2137 188 2190 erat
204 2124 344 2218 deligens
360 2125 518 2216 nobisque
531 2149 714 2216 opponens,
728 2116 802 2217 quae'
810 2135 884 2196 verb
901 2127 978 2196 falsa
993 2151 1101 2198 socer·

74 2259 86 2296 r
118 2233 304 2307 nens‚ti1m
331 2229 409 2308 alia,
428 2237 496 2298 tum
526 2233 664 2300 maxime
691 2259 760 2324 quae
787 2235 1098 2326 hominnmpropria

73 2363 87 2396 ι
118 2334 249 2400 suntad
269 2335 432 2424 pietatem.
453 2365 465 2398 s
490 2335 566 2405 llaeo
586 2338 625 2404 de
643 2339 789 2429 Origenis
805 2341 958 2408 methodo
984 2341 1099 2432 praeci-

69 2463 132 2530 puo
151 2441 185 2506 S.
204 2440 379 2532 Gregorius
390 2441 660 2536 Thaumaturgus.
681 2447 801 2536 (ltin.)
891 2531 894 2540 .

114 2547 174 2615 ll.⁰
197 2547 371 2614 innumera
390 2549 573 2618 coniecerat
589 2551 724 2642 scripta,
742 2535 879 2640 quor'dm
895 2552 1051 2627 Eusebius
1067 2565 1099 2618 et

69 2652 290 2742 Hieronymus
307 2653 487 2744 catalogum
503 2679 590 2723 nunc
614 2657 764 2722 omissum
785 2669 1003 2728 contexerant.
1023 2657 1099 2724 Haeo

67 2780 160 2824 nunc
176 2756 352 2824 celebriora
368 2774 560 2848 supersunt,
574 2773 619 2828 1.⁰
633 2761 838 2830 Poriorcltda
849 2813 859 2840 .
871 2764 935 2832 sive
949 2761 989 2831 de
1001 2762 1100 2828 Prin·

67 2867 172 2956 cipiis
186 2865 287 2943 liber,
312 2869 367 2956 qui
383 2866 492 2934 multis
508 2876 525 2934 a
542 2868 660 2936 Rufino
677 2871 762 2938 curis
781 2871 814 2938 in
829 2869 965 2936 latinum
980 2891 1098 2937 sermo·

65 2995 146 3038 nem
161 2995 268 3036 versus
281 2975 312 3037 et
325 2973 515 3042 emendatus
524 3025 533 3052 ,
543 2973 688 3066 pluribus
700 2989 807 3044 tamen
820 2976 1010 3067 gravissimis
1023 2998 1098 3042 con·

64 3088 114 3140 tra
145 3074 297 3143 Ecclesiae
328 3077 509 3146 doctrinam
533 3083 773 3170 praesertimque
793 3095 909 3148 sanctae
932 3080 1097 3148 Trinitatis

64 3181 168 3252 fidem
182 3189 277 3272 prate
289 3185 474 3274 excogitatis
490 3187 645 3258 scaturire
662 3187 807 3262 videtum
826 3200 871 3253 s.⁰
887 3185 1100 3252 Doceborto·

66 3287 330 3378 tionemartyrii
345 3287 444 3366 liber,
466 3313 530 3378 qun
550 3291 691 3379 captivos
716 3290 834 3356 Christi
854 3290 894 3356 ad
909 3290 1095 3380 patientiam

63 3392 284 3480 virtutemque
296 3393 428 3460 incitat:
444 3393 491 3460 5.⁰
506 3395 658 3483 Epistola
673 3395 718 3460 od
740 3396 965 3483 Africanum,
980 3398 1041 3482 qua
1058 3393 1099 3462 do

65 3495 261 3586 quibusdam
278 3497 363 3565 circa
381 3496 581 3588 Scripturam
599 3499 846 3590 questionibus,
864 3523 902 3566 ao
917 3502 1095 3594 ppaesertint

64 3604 105 3670 de
121 3601 254 3670 historia
273 3601 446 3680 Susanna,
466 3603 550 3671 liciis
570 3619 602 3672 et
618 3605 766 3671 draconis
790 3606 879 3694 quasi
897 3603 1095 3677 transeundo

66 3706 211 3779 disserit;
231 3709 280 3786 4⁰
296 3719 362 3773 tota
379 3707 545 3798 Scriptura
563 3733 618 3776 sex
639 3708 805 3788 ordinibus
822 3709 992 3800 disposita,
1010 3707 1097 3798 quod

61 3816 194 3892 r‘isanae,
210 3807 308 3876 latina
331 3812 488 3902 Heoeaplo
502 3815 648 3891 vocavit,
671 3837 807 3902 quorum
826 3815 977 3882 ordinum
993 3807 1097 3911 primo

321 4128 338 4167 l
