2940 4570
219 153 232 204 l

556 341 694 427 (¹75)

108 474 233 554 chaeos,
253 477 462 553 Novatianos,
481 488 513 541 et
523 475 726 544 Marcionitas
743 491 903 544 tractatus
910 503 920 552 3
941 481 988 544 5.·
1004 481 1134 546 Sumo·
1230 465 1244 480 ’

107 603 166 646 nes
183 630 192 656 ,
217 582 301 646 inter
321 605 400 669 quos
416 582 558 648 eminent
573 581 618 648 illi
642 583 683 648 de
705 581 827 671 judicio
842 597 1010 661 extremo,
1027 591 1045 648 t
1061 585 1133 672 qui-

107 688 168 752 bus
179 686 355 752 referendis
372 687 584 766 abstinemus,
598 689 672 778 quia
691 690 723 754 in
742 689 810 778 ipso
826 691 968 756 Petrum
983 689 1134 756 thesauro

109 795 214 881 quoad
228 817 379 884 magnam
402 808 525 884 partem
542 770 789 872 rescribuntur,
817 808 850 860 et
868 797 909 882 76
933 817 1131 884 puroencaes,

109 923 164 964 sou
187 900 423 966 exhortationes
450 901 490 964 ad
509 901 747 988 poenitentiamr
767 901 816 979 49
838 901 955 966 Plures
974 899 1070 966 etiam
1092 898 1152 964 ad'

107 1003 261 1090 pietatem
277 1003 485 1068 informantes
501 1019 678 1079 tractatum
700 1005 747 1068 5.⁰
761 1003 908 1094 Denique
921 1001 979 1068 SS.
994 1001 1134 1070 Abraha-

110 1107 154 1172 mi
168 1157 177 1182 ,
195 1108 215 1173 J
218 1107 316 1172 ulieni
328 1157 338 1185 ,
356 1107 555 1198 aliorumque
569 1125 653 1174 artu.

157 1211 344 1277 Naturalem
369 1212 403 1276 in
426 1213 488 1279 hoc
504 1211 719 1302 eloquentiam
741 1211 850 1278 labore
870 1211 1039 1301 studioque
1058 1235 1133 1301 per-

110 1315 398 1388 lectaminvenies}
413 1315 665 1384 necGraecerum
675 1316 803 1404 quidem
809 1315 1060 1406 disciplinarum,
1073 1319 1134 1384 n'ec

109 1444 209 1488 sacrae
221 1421 349 1509 ignarus
359 1421 544 1510 Scriptura,
555 1423 747 1488 abstrusiora
756 1421 830 1487 fidei
837 1421 1003 1489 catholicae
1013 1434 1134 1511 myste-

110 1527 159 1590 ria
172 1515 369 1616 simplicibus
389 1525 559 1613 explanare
573 1525 696 1603 verbis,
711 1539 743 1592 et
757 1525 954 1616 elegantibus
966 1525 1060 1592 simul
1076 1527 1134 1592 de·

110 1653 224 1698 curare
232 1630 354 1718 peritus
366 1629 471 1696 callet.
484 1630 582 1698 Virus
594 1653 699 1696 sermo
712 1643 743 1695 et
755 1631 866 1696 efficax
877 1631 1135 1698 torrentisinstar

110 1737 251 1826 proruits
267 1747 369 1802 totam
380 1737 413 1802 in
424 1734 584 1823 loquendo
596 1759 808 1824 prorumpere
819 1735 966 1803 crederes
979 1737 1131 1810 animum

111 1843 185 1932 plus
208 1843 350 1932 cogitare
371 1839 517 1915 videtur,
542 1846 638 1928 qulam
661 1840 797 1906 dicendo
813 1853 918 1928 potest
933 1841 1130 1928 exprimeret

110 1931 320 2016 orientalibus
337 1945 457 2034 epultat
472 1946 601 2035 figuris,
626 1958 659 2010 et
676 1957 784 2011 tamen
799 1945 943 2010 omnium
959 1946 1066 2032 captui
1084 1967 1136 2010 ac·

110 2050 337 2121 commodatur
344 2073 354 2123 ;
367 2049 537 2140 grandiora
545 2047 780 2136 concipientem
787 2057 937 2114 uemoust
945 2047 998 2134 qui
1007 2069 1072 2142 non
1078 2071 1135 2136 ep-

109 2158 306 2248 prehendat:
322 2156 420 2222 eorde
432 2153 520 2222 velut
531 2153 649 2222 effusus
661 2204 670 2230 ‚
682 2155 806 2222 cunctis
818 2153 970 2221 cordibus
979 2151 1132 2228 illabitum

110 2267 166 2333 illo
188 2277 366 2340 tremente,
385 2275 523 2330 tremant
549 2286 678 2339 omnes;
705 2262 759 2329 illo
777 2263 895 2337 ssente,
912 2259 1137 2328 omnes-flecht

111 2395 243 2438 neeesse
259 2382 317 2434 est.
336 2367 426 2434 Felix
440 2367 493 2434 ille
514 2367 739 2444 concionator,
761 2367 835 2455 qui,
851 2365 885 2430 S.
905 2364 1137 2453 Ephraemlec-

112 2493 164 2544 tor
185 2479 348 2552 assiduus,
364 2477 615 2566 praesertimque
628 2471 735 2540 vfidelis
756 2474 914 2548 imitator,
931 2471 995 2536 tale
1010 2469 1153 2556 dicendi-

113 2609 212 2674 genus
224 2583 350 2671 assequi
365 2579 541 2648 laborando
553 2579 738 2667 orandoque
752 2575 947 2666 praevalebit.

158 2692 207 2760 De
219 2715 284 2780 quo
296 2693 339 2756 ita
352 2689 388 2754 B.
409 2689 649 2778 Hieronymus:
672 2711 684 2746 a
704 2684 873 2775 Ephraem,
900 2681 1065 2750 Edessenae
1082 2705 1137 2750 ec-

115 2825 127 2858 »
151 2796 254 2864 clesiae
272 2796 444 2872 diaconus,
465 2793 566 2860 multa
582 2794 664 2882 Syro
685 2789 832 2856 sermone
851 2789 1031 2878 composuit
1046 2811 1139 2878 opus·
1182 2783 1185 2796 '

114 2935 127 2966 t
150 2903 242 2980 culs,
256 2916 288 2971 et
301 2903 341 2967 ad
353 2913 473 2968 tantam
484 2902 569 2966 venit
584 2897 822 2972 claritudinem,
837 2911 871 2961 ut
879 2907 950 2986 post
966 2895 1138 2964 lectionem

114 3039 127 3071 u
152 3010 393 3098 Scripturarum
402 3003 531 3094 publice
541 3007 574 3071 in
586 3003 777 3094 quibusdam
786 3001 935 3069 Ecclesiis
944 3002 1014 3091 ejus
1022 3003 1138 3094 scripta

115 3143 128 3174 r
153 3116 339 3182 recitentur.
355 3111 432 3200 Legi
444 3112 516 3199 ejus
529 3109 568 3175 de
577 3109 699 3200 Spiritu
709 3121 820 3174 sancto
831 3129 969 3198 graecum
977 3107 1137 3185 volumen,

114 3248 128 3282 t
153 3207 386 3310 quodquidam
411 3217 450 3282 de
481 3215 610 3306 Syriaca
636 3215 743 3303 linguai
762 3215 923 3288 verterat,
946 3223 979 3276 ct
1003 3199 1139 3278 acumen

114 3354 128 3387 t>
152 3323 299 3392 sublimis
327 3321 449 3410 ingenii
472 3321 567 3385 etiam
591 3319 623 3384 in
639 3315 847 3383 translatione
865 3315 1010 3404 cognovi.
1035 3343 1049 3376 ι
1073 3315 1140 3402 (De
1181 3337 1183 3344 ’

113 3426 499 3520 Soript.Eocl.o.115.)
534 3485 536 3490 .

160 3537 361 3602 Sozomenus
380 3547 512 3600 autem:
533 3561 545 3594 u
563 3531 718 3599 Omnium
728 3527 876 3604 laudern,
895 3527 1015 3614 inquit,
1034 3549 1141 3616 super·

114 3673 128 3706 u
151 3666 279 3733 gressus
297 3653 365 3718 cst,
394 3651 427 3706 et
446 3637 637 3706 catholicam
650 3637 826 3704 Ecclesiam
848 3633 1024 3724 plurimum
1046 3645 1141 3698 exor-

115 3779 128 3810 s
155 3755 248 3814 nasse
264 3747 389 3813 ‘videtur
404 3745 557 3834 Ephraim
576 3745 698 3834 Syrus:
717 3741 771 3830 qui
786 3739 886 3807 Nisibi
904 3751 1018 3815 natus,
1035 3749 1090 3802 aut
1108 3739 1141 3802 iu

114 3885 128 3918 s
153 3855 262 3944 aliquo
274 3854 342 3943 ejus
361 3852 511 3918 territorii
529 3852 619 3927 loco,
641 3852 673 3915 in
689 3841 1082 3936 monasticaphilosophid
1100 3843 1139 3905 ab
