2960 4592
544 343 558 458 t
582 341 679 434 ὓ95)

115 473 242 552 videtur
257 475 477 552 Theodoretus
493 503 502 546 ε
516 479 637 548 lustant
653 479 828 556 clamoresr
849 477 1052 557 Nestorium,
1076 477 1142 545 Eu-

114 577 286 666 tycheten,
300 593 332 648 et
344 582 537 674 quicumque
549 582 779 654 catholioauon
788 583 936 660 sentiret,
946 579 1144 667 damnandos

113 706 183 750 osse
201 683 342 752 declarat
350 712 360 762 ;
375 687 494 754 instant
510 689 650 766 iterum,
664 689 754 778 quasi
770 689 922 754 nonsatis
938 685 1025 757 clare
1036 685 1145 778 loque-
1219 692 1221 701 ’

114 803 204 856 retur
212 816 222 876 ξ
243 791 296 858 ille
308 805 415 858 autem
431 793 584 860 damnato
594 787 780 886 simpliciter
791 793 957 868 Nestoris,
970 791 1145 882 Eutychia-

114 919 191 962 nam
222 897 400 996 approbare
428 899 607 968 doctrinam
634 901 779 976 veritus,
808 897 977 966 anathema
1001 897 1146 968 Nestoris
1216 965 1219 976 ,

115 1001 225 1070 dicere
254 1018 409 1084 recusat,
439 1007 499 1086 nisi
525 1007 613 1097 prius
641 1006 719 1096 quid
745 1005 892 1074 crederet
917 1003 1142 1093 profiteretur3

118 1111 417 1190 crescittumultus3
435 1115 576 1206 eonfosae
587 1113 764 1184 audiuntur
775 1135 886 1190 voces:
897 1111 1145 1190 Hmrctc'cutosr,

113 1213 148 1283 N
148 1215 333 1282 essoriamo
347 1234 413 1298 ost,·
431 1219 514 1306 foris
535 1217 727 1298 trasaricum
745 1217 862 1308 quibus
879 1214 1017 1306 denique
1038 1239 1148 1284 assen-

115 1318 198 1386 tiens
215 1319 455 1400 Theodoretus‚
478 1321 546 1408 lraec
563 1325 660 1390 verba
679 1323 765 1396 ctare
787 1321 1006 1414 pronuntiavit
1022 1345 1030 1386 τ
1045 1322 1144 1394 Aua-

117 1427 228 1495 thoma
243 1428 276 1498 Ν
277 1433 406 1510 catorio,
419 1447 449 1498 ot
460 1431 614 1500 comibus
627 1434 686 1522 qui
698 1434 731 1498 V
732 1434 879 1524 it‘ginsm
893 1429 1045 1500 Mariam
1061 1429 1146 1497 Dei-

109 1527 238 1624 por'om
252 1560 315 1603 esse
325 1561 394 1604 oon
404 1523 613 1628 confitentur.
635 1540 689 1608 sio
701 1540 896 1632 episcopust
910 1533 1046 1604 concilio
1066 1558 1148 1616 oon·

115 1639 262 1708 firmatus
270 1691 282 1722 ,
297 1641 420 1732 Cyrum
432 1645 523 1712 brari
531 1646 675 1740 repetiit,
693 1646 748 1715 ubi
761 1643 922 1734 reliquum
932 1643 1009 1708 ritae
1022 1654 1149 1731 tempus

112 1748 320 1838 explanandis
344 1777 510 1822 sacrarum
538 1754 719 1832 litterarum
746 1745 908 1830 oraculis,
937 1751 1150 1840 regendoque

115 1853 293 1926 christiano
309 1860 397 1951 gregi
413 1861 612 1934 sanctissime
630 1859 786 1952 impendit
795 1884 804 1934 ;
819 1881 882 1926 nec
899 1858 943 1954 ita
960 1854 1162 1944 multopere

116 1961 151 2028 in
161 1986 249 2065 pace
264 1977 297 2030 et
313 1967 542 2036 communione
557 1965 708 2064 Ecclesiae
723 1966 842 2058 quierit
858 1987 909 2030 an.
927 1961 1055 2028 circiter
1070 1961 1148 2043 458,

114 2069 216 2134 aetatis
233 2069 367 2138 circiter
388 2095 449 2158 71,
474 2072 804 2162 pontificatdsautem
829 2071 882 2138 58.
905 2068 970 2150 Qui
990 2065 1151 2135 virentem

69 2179 72 2184 ’
113 2173 261 2240 insectati
284 2175 432 2252 fuerant,
456 2163 689 2250 defunctonon
702 2187 938 2270 pepercerunt,
954 2177 1151 2259 tantumque

116 2271 290 2366 adiuvante
302 2279 497 2370 imperatore
517 2283 975 2372 sastinianoprotooorunt,us
987 2279 1152 2352 tconsilio

118 2383 474 2476 Constantinopolitano
487 2387 518 2454 ll
527 2440 537 2466 ,
546 2389 685 2480 generali
693 2389 735 2467 V,
744 2388 831 2481 quod
839 2411 924 2456 anno
934 2388 996 2452 555
1008 2384 1153 2454 celebra-

116 2505 187 2557 tum
201 2505 250 2579 est
259 2544 268 2569 ,
278 2493 375 2585 ipsius
387 2520 446 2586 pro
463 2497 611 2564 Nestorio
623 2509 655 2564 et
666 2508 777 2567 contra
789 2495 983 2588 Ephesiuam
994 2490 1154 2579 synodum

116 2599 235 2686 scripta
259 2600 465 2672 anathemate
479 2589 750 2692 percellerentur.
774 2599 917 2668 Intactas
932 2602 1008 2666 vero
1027 2619 1154 2685 semper
1173 2657 1177 2664 .

116 2701 272 2788 remansit
296 2701 622 2801 ipseTheodoretus,
643 2718 823 2799 caeteraque
837 2703 935 2794 ipsius
960 2724 1057 2792 opera
1071 2699 1151 2768 nulli

113 2813 262 2896 unquam
285 2805 485 2882 damnationi
500 2811 639 2896 obnoxia
656 2813 797 2888 luerunt.

158 2913 244 2979 Hinc
267 2911 362 2979 facite
384 2913 590 3009 intelligitur,
612 2915 784 3004 quomodo
800 2913 886 3004 apud
911 2925 1031 2983 veteres
1052 2912 1150 2980 modo

115 3030 290 3086 exornetur
315 3017 493 3104 laudibus,
514 3019 611 3088 modo
640 3019 803 3110 vituperiis
832 3020 1030 3110 exagitetur,
1057 3031 1154 3110 prout
1242 3032 1244 3037 '
1352 3015 1354 3024 ’

116 3125 330 3192 scribentium
342 3125 476 3194 allectus
496 3150 761 3221 unumquemque
771 3125 969 3230 impellebat.
985 3125 1153 3216 Perpeusis

117 3243 227 3296 autem
239 3231 400 3309 omnibus,
417 3256 488 3322 qnae
504 3235 568 3301 sive
583 3257 642 3326 pro
659 3257 713 3309 eo,
725 3234 790 3302 sive
807 3245 919 3300 contra
931 3231 1155 3300 commilitant
1200 3301 1203 3308 ,
1270 3295 1274 3304 ,

114 3335 391 3431 circumstantiis,
409 3361 475 3404 non
497 3335 670 3418 alienuma
695 3338 828 3404 veritate
844 3336 1025 3414 videbitur,
1042 3336 1067 3402 si
1089 3357 1155 3402 non

117 3440 267 3530 indiguus
281 3440 461 3528 judicetur,
475 3443 530 3533 qui
545 3467 622 3514 oum
635 3443 663 3512 N
667 3443 820 3542 icoplroro
838 3443 1047 3510 doctissimus
1061 3443 1158 3532 Epis„

117 3575 216 3641 oopus
225 3551 411 3643 Cyrifflist.
422 3553 545 3624 Eccles.
557 3555 612 3625 lib.
623 3579 687 3625 1.c.
703 3539 1157 3644 1.'),cu1nTheod0roteet0rs

116 3659 165 3726 sir
177 3658 528 3732 boottorcoordotiocis
544 3666 596 3754 (in
610 3666 710 3756 Epist.
727 3663 867 3754 praefixi.
892 3663 974 3729 llist.
993 3660 1155 3748 Eccles.);

36 3835 43 3852 ‚
118 3789 196 3832 cum
217 3764 405 3834 Cassiodoro
427 3769 564 3860 denique
582 3769 783 3837 uenerabilis
799 3769 983 3858 Episcopus
1007 3767 1149 3856 (praefat.
1201 3803 1220 3832 ·,

119 3871 202 3942 Hist.
220 3872 361 3964 tripart.)
378 3866 564 3966 appelletur.
582 3873 615 3942 Si
628 3875 715 3942 enim
726 3875 759 3943 in
774 3873 837 3942 hoc
849 3873 989 3944 veritatis
1001 3873 1154 3966 pacisque
1185 3873 1190 3882 ’
