<?xml version="1.0" encoding="UTF-8"?>
<!DOCTYPE html PUBLIC "-//W3C//DTD XHTML 1.0 Transitional//EN"
    "http://www.w3.org/TR/xhtml1/DTD/xhtml1-transitional.dtd">
<html xmlns="http://www.w3.org/1999/xhtml" xml:lang="en" lang="en">
 <head>
  <title>
</title>
<meta http-equiv="Content-Type" content="text/html;charset=utf-8" />
  <meta name='ocr-system' content='tesseract 3.04.00' />
  <meta name='ocr-capabilities' content='ocr_page ocr_carea ocr_par ocr_line ocrx_word'/>
</head>
<body>
  <div class='ocr_page' id='page_1' title='image "./rhetoricasancto01cailgoog_0146.png"; bbox 0 0 2940 4570; ppageno 0'>
   <div class='ocr_carea' id='block_1_1' title="bbox 540 353 677 638">
    <p class='ocr_par' dir='ltr' id='par_1_1' title="bbox 540 353 677 638">
     <span class='ocr_line' id='line_1_1' title="bbox 540 353 677 444; baseline 0.029 -4"><span class='ocrx_word' id='word_1_1' title='bbox 540 353 552 440; x_wconf 87' lang='lat' dir='ltr'><strong>l</strong></span> <span class='ocrx_word' id='word_1_2' title='bbox 581 355 677 444; x_wconf 74' lang='grc' dir='ltr'><strong>ι57)</strong></span> 
     </span>
     <span class='ocr_line' id='line_1_2' title="bbox 560 547 645 638; baseline -0.047 -20"><span class='ocrx_word' id='word_1_3' title='bbox 560 547 582 638; x_wconf 80' lang='lat' dir='ltr'><strong>s</strong></span> <span class='ocrx_word' id='word_1_4' title='bbox 606 550 645 618; x_wconf 88' lang='lat' dir='ltr'><strong>v.</strong></span> 
     </span>
    </p>
   </div>
   <div class='ocr_carea' id='block_1_2' title="bbox 335 746 881 834">
    <p class='ocr_par' dir='ltr' id='par_1_2' title="bbox 335 746 881 834">
     <span class='ocr_line' id='line_1_3' title="bbox 335 746 881 834; baseline 0.004 -24"><span class='ocrx_word' id='word_1_5' title='bbox 335 746 545 826; x_wconf 70' lang='lat' dir='ltr'><strong>Victorinus,</strong></span> <span class='ocrx_word' id='word_1_6' title='bbox 559 748 650 812; x_wconf 85' lang='lat' dir='ltr'><strong>circa</strong></span> <span class='ocrx_word' id='word_1_7' title='bbox 664 770 794 812; x_wconf 82' lang='lat' dir='ltr'><strong>annum</strong></span> <span class='ocrx_word' id='word_1_8' title='bbox 810 749 881 834; x_wconf 77' lang='lat'><strong>570.</strong></span> 
     </span>
    </p>
   </div>
   <div class='ocr_carea' id='block_1_3' title="bbox 538 943 682 990">
    <p class='ocr_par' dir='ltr' id='par_1_3' title="bbox 538 943 682 990">
     <span class='ocr_line' id='line_1_4' title="bbox 538 943 682 990; baseline 0 -2"><span class='ocrx_word' id='word_1_9' title='bbox 538 943 682 990; x_wconf 68' lang='lat' dir='ltr'><strong>LATINUS·</strong></span> 
     </span>
    </p>
   </div>
   <div class='ocr_carea' id='block_1_4' title="bbox 70 1120 1188 3853">
    <p class='ocr_par' dir='ltr' id='par_1_4' title="bbox 70 1120 1188 3853">
     <span class='ocr_line' id='line_1_5' title="bbox 142 1120 1120 1216; baseline 0.004 -28"><span class='ocrx_word' id='word_1_10' title='bbox 142 1120 343 1198; x_wconf 83' lang='lat' dir='ltr'><strong>Victorinus,</strong></span> <span class='ocrx_word' id='word_1_11' title='bbox 364 1145 403 1188; x_wconf 84' lang='lat' dir='ltr'><strong>ex</strong></span> <span class='ocrx_word' id='word_1_12' title='bbox 426 1121 533 1190; x_wconf 74' lang='lat' dir='ltr'><strong>Africa</strong></span> <span class='ocrx_word' id='word_1_13' title='bbox 559 1123 733 1202; x_wconf 88' lang='lat' dir='ltr'><strong>oriundus,</strong></span> <span class='ocrx_word' id='word_1_14' title='bbox 757 1124 810 1194; x_wconf 86' lang='lat' dir='ltr'><strong>ille</strong></span> <span class='ocrx_word' id='word_1_15' title='bbox 830 1139 879 1194; x_wconf 85' lang='lat' dir='ltr'><strong>est</strong></span> <span class='ocrx_word' id='word_1_16' title='bbox 900 1125 941 1194; x_wconf 91' lang='lat' dir='ltr'><strong>de</strong></span> <span class='ocrx_word' id='word_1_17' title='bbox 964 1147 1036 1216; x_wconf 62' lang='lat' dir='ltr'><strong>quo*</strong></span> <span class='ocrx_word' id='word_1_18' title='bbox 1051 1127 1120 1193; x_wconf 76' lang='lat' dir='ltr'><strong>hee</strong></span> 
     </span>
     <span class='ocr_line' id='line_1_6' title="bbox 94 1225 1120 1324; baseline 0.013 -34"><span class='ocrx_word' id='word_1_19' title='bbox 94 1227 180 1316; x_wconf 88' lang='lat' dir='ltr'><strong>apud</strong></span> <span class='ocrx_word' id='word_1_20' title='bbox 195 1225 229 1294; x_wconf 90' lang='lat' dir='ltr'><strong>S.</strong></span> <span class='ocrx_word' id='word_1_21' title='bbox 248 1229 462 1318; x_wconf 80' lang='lat' dir='ltr'><strong>Augustinum</strong></span> <span class='ocrx_word' id='word_1_22' title='bbox 480 1231 638 1300; x_wconf 86' lang='lat' dir='ltr'><strong>habeatur</strong></span> <span class='ocrx_word' id='word_1_23' title='bbox 653 1257 686 1299; x_wconf 78' lang='lat' dir='ltr'><strong>:r</strong></span> <span class='ocrx_word' id='word_1_24' title='bbox 700 1234 841 1324; x_wconf 77' lang='lat' dir='ltr'><strong>Legebat</strong></span> <span class='ocrx_word' id='word_1_25' title='bbox 857 1247 999 1304; x_wconf 86' lang='lat' dir='ltr'><strong>sanctam</strong></span> <span class='ocrx_word' id='word_1_26' title='bbox 1016 1235 1120 1324; x_wconf 90' lang='lat' dir='ltr'><strong>Scrip-</strong></span> 
     </span>
     <span class='ocr_line' id='line_1_7' title="bbox 94 1333 1121 1428; baseline 0.006 -32"><span class='ocrx_word' id='word_1_27' title='bbox 94 1333 107 1394; x_wconf 73' lang='grc' dir='ltr'><strong>ι’</strong></span> <span class='ocrx_word' id='word_1_28' title='bbox 139 1344 265 1410; x_wconf 88' lang='lat' dir='ltr'><strong>turam,</strong></span> <span class='ocrx_word' id='word_1_29' title='bbox 287 1355 460 1424; x_wconf 87' lang='lat' dir='ltr'><strong>omnesque</strong></span> <span class='ocrx_word' id='word_1_30' title='bbox 477 1333 674 1404; x_wconf 71' lang='lat' dir='ltr'><strong>Christianus</strong></span> <span class='ocrx_word' id='word_1_31' title='bbox 690 1335 811 1406; x_wconf 78' lang='lat' dir='ltr'><strong>litteras</strong></span> <span class='ocrx_word' id='word_1_32' title='bbox 828 1339 1038 1428; x_wconf 75' lang='lat' dir='ltr'><strong>investigabat</strong></span> <span class='ocrx_word' id='word_1_33' title='bbox 1052 1351 1121 1405; x_wconf 88' lang='lat' dir='ltr'><strong>atu-</strong></span> 
     </span>
     <span class='ocr_line' id='line_1_8' title="bbox 94 1438 1121 1534; baseline 0.012 -36"><span class='ocrx_word' id='word_1_34' title='bbox 94 1465 108 1498; x_wconf 82' lang='lat'><strong>»</strong></span> <span class='ocrx_word' id='word_1_35' title='bbox 139 1438 336 1516; x_wconf 78' lang='lat' dir='ltr'><strong>diesissime,</strong></span> <span class='ocrx_word' id='word_1_36' title='bbox 357 1451 389 1506; x_wconf 90' lang='lat' dir='ltr'><strong>et</strong></span> <span class='ocrx_word' id='word_1_37' title='bbox 415 1442 693 1530; x_wconf 84' lang='lat' dir='ltr'><strong>perserutabatur,</strong></span> <span class='ocrx_word' id='word_1_38' title='bbox 717 1457 750 1510; x_wconf 90' lang='lat' dir='ltr'><strong>et</strong></span> <span class='ocrx_word' id='word_1_39' title='bbox 765 1444 891 1512; x_wconf 84' lang='lat' dir='ltr'><strong>dicebat</strong></span> <span class='ocrx_word' id='word_1_40' title='bbox 914 1443 1121 1534; x_wconf 74' lang='lat' dir='ltr'><strong>Simpliciano</strong></span> 
     </span>
     <span class='ocr_line' id='line_1_9' title="bbox 96 1542 1122 1633; baseline 0.008 -26"><span class='ocrx_word' id='word_1_41' title='bbox 96 1571 109 1606; x_wconf 75' lang='lat' dir='ltr'><strong>a</strong></span> <span class='ocrx_word' id='word_1_42' title='bbox 140 1565 207 1609; x_wconf 93' lang='lat' dir='ltr'><strong>nou</strong></span> <span class='ocrx_word' id='word_1_43' title='bbox 221 1542 354 1633; x_wconf 77' lang='lat' dir='ltr'><strong>palam,</strong></span> <span class='ocrx_word' id='word_1_44' title='bbox 372 1545 429 1614; x_wconf 81' lang='lat' dir='ltr'><strong>sed</strong></span> <span class='ocrx_word' id='word_1_45' title='bbox 449 1549 661 1616; x_wconf 80' lang='lat' dir='ltr'><strong>seeretiirset</strong></span> <span class='ocrx_word' id='word_1_46' title='bbox 673 1549 885 1619; x_wconf 75' lang='lat' dir='ltr'><strong>familiaritas:</strong></span> <span class='ocrx_word' id='word_1_47' title='bbox 906 1551 1049 1620; x_wconf 77' lang='lat' dir='ltr'><strong>Noverit</strong></span> <span class='ocrx_word' id='word_1_48' title='bbox 1069 1572 1122 1615; x_wconf 82' lang='lat' dir='ltr'><strong>rrae</strong></span> 
     </span>
     <span class='ocr_line' id='line_1_10' title="bbox 94 1647 1122 1742; baseline 0.012 -33"><span class='ocrx_word' id='word_1_49' title='bbox 94 1676 107 1709; x_wconf 68' lang='lat' dir='ltr'><strong>a</strong></span> <span class='ocrx_word' id='word_1_50' title='bbox 130 1651 288 1734; x_wconf 72' lang='lat' dir='ltr'><strong>jamme</strong></span> <span class='ocrx_word' id='word_1_51' title='bbox 308 1647 552 1717; x_wconf 70' lang='lat' dir='ltr'><strong>Christianum</strong></span> <span class='ocrx_word' id='word_1_52' title='bbox 573 1653 613 1718; x_wconf 78' lang='lat' dir='ltr'><strong>lit</strong></span> <span class='ocrx_word' id='word_1_53' title='bbox 627 1653 841 1742; x_wconf 88' lang='lat' dir='ltr'><strong>respondebat</strong></span> <span class='ocrx_word' id='word_1_54' title='bbox 860 1651 912 1720; x_wconf 89' lang='lat' dir='ltr'><strong>ille</strong></span> <span class='ocrx_word' id='word_1_55' title='bbox 930 1677 938 1720; x_wconf 76' lang='grc' dir='ltr'><strong>ι</strong></span> <span class='ocrx_word' id='word_1_56' title='bbox 956 1654 1035 1722; x_wconf 82' lang='lat' dir='ltr'><strong>Nou</strong></span> <span class='ocrx_word' id='word_1_57' title='bbox 1050 1677 1122 1720; x_wconf 82' lang='lat' dir='ltr'><strong>cre-</strong></span> 
     </span>
     <span class='ocr_line' id='line_1_11' title="bbox 95 1753 1123 1844; baseline 0.007 -31"><span class='ocrx_word' id='word_1_58' title='bbox 95 1779 107 1813; x_wconf 76' lang='lat'><strong>»</strong></span> <span class='ocrx_word' id='word_1_59' title='bbox 139 1753 221 1819; x_wconf 79' lang='lat' dir='ltr'><strong>dom</strong></span> <span class='ocrx_word' id='word_1_60' title='bbox 234 1777 294 1819; x_wconf 82' lang='lat' dir='ltr'><strong>uec</strong></span> <span class='ocrx_word' id='word_1_61' title='bbox 301 1753 464 1844; x_wconf 72' lang='lat' dir='ltr'><strong>deputabo</strong></span> <span class='ocrx_word' id='word_1_62' title='bbox 477 1772 507 1822; x_wconf 88' lang='lat' dir='ltr'><strong>te</strong></span> <span class='ocrx_word' id='word_1_63' title='bbox 518 1757 605 1822; x_wconf 81' lang='lat' dir='ltr'><strong>inter</strong></span> <span class='ocrx_word' id='word_1_64' title='bbox 614 1756 839 1835; x_wconf 71' lang='lat' dir='ltr'><strong>Christianos,</strong></span> <span class='ocrx_word' id='word_1_65' title='bbox 849 1759 963 1823; x_wconf 79' lang='lat' dir='ltr'><strong>uieiira</strong></span> <span class='ocrx_word' id='word_1_66' title='bbox 973 1757 1123 1824; x_wconf 76' lang='lat' dir='ltr'><strong>Ecclesia</strong></span> 
     </span>
     <span class='ocr_line' id='line_1_12' title="bbox 93 1856 1124 1952; baseline 0.006 -33"><span class='ocrx_word' id='word_1_67' title='bbox 93 1886 107 1919; x_wconf 72' lang='lat' dir='ltr'><strong>a</strong></span> <span class='ocrx_word' id='word_1_68' title='bbox 139 1856 270 1924; x_wconf 75' lang='lat' dir='ltr'><strong>ctrtut</strong></span> <span class='ocrx_word' id='word_1_69' title='bbox 291 1861 470 1940; x_wconf 84' lang='lat' dir='ltr'><strong>te.uidero,·</strong></span> <span class='ocrx_word' id='word_1_70' title='bbox 488 1859 541 1928; x_wconf 90' lang='lat' dir='ltr'><strong>ille</strong></span> <span class='ocrx_word' id='word_1_71' title='bbox 557 1872 665 1926; x_wconf 89' lang='lat' dir='ltr'><strong>autem</strong></span> <span class='ocrx_word' id='word_1_72' title='bbox 686 1860 859 1938; x_wconf 84' lang='lat' dir='ltr'><strong>irridebat,</strong></span> <span class='ocrx_word' id='word_1_73' title='bbox 874 1859 985 1928; x_wconf 83' lang='lat' dir='ltr'><strong>diceas</strong></span> <span class='ocrx_word' id='word_1_74' title='bbox 1003 1885 1012 1928; x_wconf 76' lang='lat' dir='ltr'><strong>a</strong></span> <span class='ocrx_word' id='word_1_75' title='bbox 1030 1862 1124 1952; x_wconf 76' lang='lat' dir='ltr'><strong>Ergo</strong></span> 
     </span>
     <span class='ocr_line' id='line_1_13' title="bbox 94 1965 1123 2055; baseline 0.003 -29"><span class='ocrx_word' id='word_1_76' title='bbox 94 1994 108 2026; x_wconf 70' lang='grc' dir='ltr'><em>ι</em></span> <span class='ocrx_word' id='word_1_77' title='bbox 135 1965 279 2052; x_wconf 74' lang='lat' dir='ltr'><strong>parietes</strong></span> <span class='ocrx_word' id='word_1_78' title='bbox 288 1966 419 2053; x_wconf 81' lang='lat' dir='ltr'><strong>faciant</strong></span> <span class='ocrx_word' id='word_1_79' title='bbox 435 1965 679 2045; x_wconf 59' lang='lat' dir='ltr'><strong>Christianum.</strong></span> <span class='ocrx_word' id='word_1_80' title='bbox 691 1968 733 2032; x_wconf 87' lang='lat' dir='ltr'><strong>Et</strong></span> <span class='ocrx_word' id='word_1_81' title='bbox 746 1966 809 2032; x_wconf 89' lang='lat' dir='ltr'><strong>hoe</strong></span> <span class='ocrx_word' id='word_1_82' title='bbox 820 1971 904 2055; x_wconf 74' lang='lat' dir='ltr'><strong>sepe</strong></span> <span class='ocrx_word' id='word_1_83' title='bbox 919 1965 1046 2034; x_wconf 83' lang='lat' dir='ltr'><strong>dicebat</strong></span> <span class='ocrx_word' id='word_1_84' title='bbox 1056 1966 1123 2053; x_wconf 74' lang='lat' dir='ltr'><strong>jam</strong></span> 
     </span>
     <span class='ocr_line' id='line_1_14' title="bbox 84 2068 1123 2160; baseline 0.006 -29"><span class='ocrx_word' id='word_1_85' title='bbox 84 2098 107 2160; x_wconf 78' lang='lat' dir='ltr'><strong>¹a</strong></span> <span class='ocrx_word' id='word_1_86' title='bbox 138 2091 173 2134; x_wconf 87' lang='lat' dir='ltr'><strong>so</strong></span> <span class='ocrx_word' id='word_1_87' title='bbox 203 2093 272 2133; x_wconf 87' lang='lat' dir='ltr'><strong>esse</strong></span> <span class='ocrx_word' id='word_1_88' title='bbox 295 2069 534 2146; x_wconf 83' lang='lat' dir='ltr'><strong>Christianum,</strong></span> <span class='ocrx_word' id='word_1_89' title='bbox 560 2083 593 2136; x_wconf 83' lang='lat' dir='ltr'><strong>et</strong></span> <span class='ocrx_word' id='word_1_90' title='bbox 617 2069 842 2160; x_wconf 73' lang='lat' dir='ltr'><strong>simplicianus</strong></span> <span class='ocrx_word' id='word_1_91' title='bbox 861 2068 941 2138; x_wconf 93' lang='lat' dir='ltr'><strong>illud</strong></span> <span class='ocrx_word' id='word_1_92' title='bbox 955 2077 1038 2160; x_wconf 73' lang='lat' dir='ltr'><strong>serpe</strong></span> <span class='ocrx_word' id='word_1_93' title='bbox 1054 2093 1123 2137; x_wconf 62' lang='lat' dir='ltr'><strong>rese</strong></span> 
     </span>
     <span class='ocr_line' id='line_1_15' title="bbox 96 2171 1118 2266; baseline 0.006 -32"><span class='ocrx_word' id='word_1_94' title='bbox 96 2202 109 2234; x_wconf 77' lang='lat' dir='ltr'><strong>a</strong></span> <span class='ocrx_word' id='word_1_95' title='bbox 140 2171 323 2262; x_wconf 78' lang='lat' dir='ltr'><strong>pendebat,</strong></span> <span class='ocrx_word' id='word_1_96' title='bbox 352 2185 384 2239; x_wconf 88' lang='lat' dir='ltr'><strong>et</strong></span> <span class='ocrx_word' id='word_1_97' title='bbox 396 2181 478 2264; x_wconf 74' lang='lat' dir='ltr'><strong>saepe</strong></span> <span class='ocrx_word' id='word_1_98' title='bbox 494 2175 534 2239; x_wconf 91' lang='lat' dir='ltr'><strong>ab</strong></span> <span class='ocrx_word' id='word_1_99' title='bbox 550 2173 604 2240; x_wconf 92' lang='lat' dir='ltr'><strong>illo</strong></span> <span class='ocrx_word' id='word_1_100' title='bbox 617 2178 774 2262; x_wconf 87' lang='lat' dir='ltr'><strong>parietum</strong></span> <span class='ocrx_word' id='word_1_101' title='bbox 788 2175 892 2242; x_wconf 89' lang='lat' dir='ltr'><strong>irrisio</strong></span> <span class='ocrx_word' id='word_1_102' title='bbox 903 2177 1118 2266; x_wconf 83' lang='lat' dir='ltr'><strong>repetebatur.</strong></span> 
     </span>
     <span class='ocr_line' id='line_1_16' title="bbox 93 2277 1123 2372; baseline 0.007 -31"><span class='ocrx_word' id='word_1_103' title='bbox 93 2309 107 2341; x_wconf 71' lang='lat' dir='ltr'><strong>a</strong></span> <span class='ocrx_word' id='word_1_104' title='bbox 140 2277 269 2348; x_wconf 85' lang='lat' dir='ltr'><strong>Amicos</strong></span> <span class='ocrx_word' id='word_1_105' title='bbox 277 2280 362 2368; x_wconf 71' lang='lat' dir='ltr'><strong>euim</strong></span> <span class='ocrx_word' id='word_1_106' title='bbox 371 2280 658 2348; x_wconf 81' lang='lat' dir='ltr'><strong>suoareverebatur</strong></span> <span class='ocrx_word' id='word_1_107' title='bbox 669 2279 996 2372; x_wconf 77' lang='lat' dir='ltr'><strong>offenderesuperbos</strong></span> <span class='ocrx_word' id='word_1_108' title='bbox 1006 2282 1123 2348; x_wconf 81' lang='lat' dir='ltr'><strong>daemo-</strong></span> 
     </span>
     <span class='ocr_line' id='line_1_17' title="bbox 94 2380 1188 2474; baseline 0.008 -31"><span class='ocrx_word' id='word_1_109' title='bbox 94 2411 108 2443; x_wconf 75' lang='grc' dir='ltr'><strong>ι</strong></span> <span class='ocrx_word' id='word_1_110' title='bbox 141 2380 280 2458; x_wconf 86' lang='lat' dir='ltr'><strong>nicolas,</strong></span> <span class='ocrx_word' id='word_1_111' title='bbox 315 2406 452 2472; x_wconf 90' lang='lat' dir='ltr'><strong>quorum</strong></span> <span class='ocrx_word' id='word_1_112' title='bbox 479 2405 519 2449; x_wconf 84' lang='lat' dir='ltr'><strong>ex</strong></span> <span class='ocrx_word' id='word_1_113' title='bbox 549 2381 689 2450; x_wconf 88' lang='lat' dir='ltr'><strong>culmine</strong></span> <span class='ocrx_word' id='word_1_114' title='bbox 708 2383 912 2472; x_wconf 74' lang='lat' dir='ltr'><strong>Babyloniae</strong></span> <span class='ocrx_word' id='word_1_115' title='bbox 938 2385 1119 2474; x_wconf 79' lang='lat' dir='ltr'><strong>diguitatis,</strong></span> <span class='ocrx_word' id='word_1_116' title='bbox 1185 2388 1188 2394; x_wconf 87' lang='grc'><strong>’</strong></span> 
     </span>
     <span class='ocr_line' id='line_1_18' title="bbox 95 2489 1132 2584; baseline 0.01 -33"><span class='ocrx_word' id='word_1_117' title='bbox 95 2518 109 2551; x_wconf 68' lang='lat' dir='ltr'><strong>a</strong></span> <span class='ocrx_word' id='word_1_118' title='bbox 143 2491 233 2578; x_wconf 87' lang='lat' dir='ltr'><strong>quasi</strong></span> <span class='ocrx_word' id='word_1_119' title='bbox 254 2514 293 2556; x_wconf 86' lang='lat' dir='ltr'><strong>ex</strong></span> <span class='ocrx_word' id='word_1_120' title='bbox 320 2489 425 2558; x_wconf 83' lang='lat' dir='ltr'><strong>cedris</strong></span> <span class='ocrx_word' id='word_1_121' title='bbox 447 2491 561 2559; x_wconf 89' lang='lat' dir='ltr'><strong>Libani</strong></span> <span class='ocrx_word' id='word_1_122' title='bbox 588 2513 659 2584; x_wconf 79' lang='lat' dir='ltr'><strong>quae</strong></span> <span class='ocrx_word' id='word_1_123' title='bbox 680 2493 825 2560; x_wconf 88' lang='lat' dir='ltr'><strong>nondbm</strong></span> <span class='ocrx_word' id='word_1_124' title='bbox 848 2493 1042 2560; x_wconf 84' lang='lat' dir='ltr'><strong>enutriverat</strong></span> <span class='ocrx_word' id='word_1_125' title='bbox 1056 2495 1132 2561; x_wconf 62' lang='lat' dir='ltr'><strong>Do:</strong></span> 
     </span>
     <span class='ocr_line' id='line_1_19' title="bbox 95 2595 1118 2686; baseline 0.005 -27"><span class='ocrx_word' id='word_1_126' title='bbox 95 2625 109 2658; x_wconf 71' lang='lat' dir='ltr'><strong>a</strong></span> <span class='ocrx_word' id='word_1_127' title='bbox 140 2595 269 2672; x_wconf 88' lang='lat' dir='ltr'><strong>minus,</strong></span> <span class='ocrx_word' id='word_1_128' title='bbox 286 2597 424 2686; x_wconf 81' lang='lat' dir='ltr'><strong>graviter</strong></span> <span class='ocrx_word' id='word_1_129' title='bbox 444 2597 583 2663; x_wconf 87' lang='lat' dir='ltr'><strong>ruituras</strong></span> <span class='ocrx_word' id='word_1_130' title='bbox 597 2598 630 2664; x_wconf 92' lang='lat' dir='ltr'><strong>in</strong></span> <span class='ocrx_word' id='word_1_131' title='bbox 649 2620 684 2662; x_wconf 87' lang='lat' dir='ltr'><strong>se</strong></span> <span class='ocrx_word' id='word_1_132' title='bbox 696 2597 878 2664; x_wconf 86' lang='lat' dir='ltr'><strong>iuimicitias</strong></span> <span class='ocrx_word' id='word_1_133' title='bbox 893 2597 1118 2664; x_wconf 80' lang='lat' dir='ltr'><strong>arbitrabatur.</strong></span> 
     </span>
     <span class='ocr_line' id='line_1_20' title="bbox 95 2699 1120 2792; baseline 0.009 -31"><span class='ocrx_word' id='word_1_134' title='bbox 95 2729 108 2761; x_wconf 72' lang='lat' dir='ltr'><strong>a</strong></span> <span class='ocrx_word' id='word_1_135' title='bbox 142 2699 209 2766; x_wconf 87' lang='lat' dir='ltr'><strong>Sed</strong></span> <span class='ocrx_word' id='word_1_136' title='bbox 219 2709 426 2791; x_wconf 77' lang='lat' dir='ltr'><strong>posteaquam</strong></span> <span class='ocrx_word' id='word_1_137' title='bbox 440 2701 576 2792; x_wconf 75' lang='lat' dir='ltr'><strong>legendo</strong></span> <span class='ocrx_word' id='word_1_138' title='bbox 588 2715 621 2769; x_wconf 87' lang='lat' dir='ltr'><strong>et</strong></span> <span class='ocrx_word' id='word_1_139' title='bbox 629 2702 781 2769; x_wconf 88' lang='lat' dir='ltr'><strong>inhiando</strong></span> <span class='ocrx_word' id='word_1_140' title='bbox 795 2703 902 2770; x_wconf 87' lang='lat' dir='ltr'><strong>hausit</strong></span> <span class='ocrx_word' id='word_1_141' title='bbox 914 2703 1099 2770; x_wconf 83' lang='lat' dir='ltr'><strong>firmitatem</strong></span> <span class='ocrx_word' id='word_1_142' title='bbox 1112 2757 1120 2783; x_wconf 88' lang='lat'><strong>,</strong></span> 
     </span>
     <span class='ocr_line' id='line_1_21' title="bbox 94 2794 1123 2900; baseline 0.01 -32"><span class='ocrx_word' id='word_1_143' title='bbox 94 2833 107 2868; x_wconf 76' lang='lat' dir='ltr'><strong>r</strong></span> <span class='ocrx_word' id='word_1_144' title='bbox 140 2805 310 2896; x_wconf 85' lang='lat' dir='ltr'><strong>timuitque</strong></span> <span class='ocrx_word' id='word_1_145' title='bbox 328 2794 476 2898; x_wconf 70' lang='lat' dir='ltr'><strong>negarit</strong></span> <span class='ocrx_word' id='word_1_146' title='bbox 501 2809 634 2880; x_wconf 82' lang='lat' dir='ltr'><strong>Christe</strong></span> <span class='ocrx_word' id='word_1_147' title='bbox 650 2816 760 2876; x_wconf 71' lang='lat' dir='ltr'><strong>coram</strong></span> <span class='ocrx_word' id='word_1_148' title='bbox 781 2808 910 2900; x_wconf 74' lang='lat' dir='ltr'><strong>Angelis</strong></span> <span class='ocrx_word' id='word_1_149' title='bbox 936 2812 1072 2889; x_wconf 84' lang='lat' dir='ltr'><strong>sanctis,</strong></span> <span class='ocrx_word' id='word_1_150' title='bbox 1096 2811 1123 2878; x_wconf 88' lang='lat' dir='ltr'><strong>si</strong></span> 
     </span>
     <span class='ocr_line' id='line_1_22' title="bbox 96 2914 1130 3006; baseline 0.012 -34"><span class='ocrx_word' id='word_1_151' title='bbox 96 2939 110 2972; x_wconf 76' lang='grc' dir='ltr'><strong><em>ι</em></strong></span> <span class='ocrx_word' id='word_1_152' title='bbox 141 2933 217 2978; x_wconf 89' lang='lat' dir='ltr'><strong>eum</strong></span> <span class='ocrx_word' id='word_1_153' title='bbox 234 2914 361 3004; x_wconf 85' lang='lat' dir='ltr'><strong>timeret</strong></span> <span class='ocrx_word' id='word_1_154' title='bbox 383 2920 492 2982; x_wconf 87' lang='lat' dir='ltr'><strong>coram</strong></span> <span class='ocrx_word' id='word_1_155' title='bbox 507 2914 692 2982; x_wconf 84' lang='lat' dir='ltr'><strong>bominibus</strong></span> <span class='ocrx_word' id='word_1_156' title='bbox 710 2915 876 2993; x_wconf 84' lang='lat' dir='ltr'><strong>confiteri,</strong></span> <span class='ocrx_word' id='word_1_157' title='bbox 900 2938 1041 3006; x_wconf 79' lang='lat' dir='ltr'><strong>reusque</strong></span> <span class='ocrx_word' id='word_1_158' title='bbox 1061 2916 1130 2996; x_wconf 73' lang='lat' dir='ltr'><strong>eibi·</strong></span> 
     </span>
     <span class='ocr_line' id='line_1_23' title="bbox 96 3017 1124 3108; baseline 0.009 -29"><span class='ocrx_word' id='word_1_159' title='bbox 96 3044 110 3078; x_wconf 71' lang='lat' dir='ltr'><strong>a</strong></span> <span class='ocrx_word' id='word_1_160' title='bbox 140 3017 250 3105; x_wconf 85' lang='lat' dir='ltr'><strong>magni</strong></span> <span class='ocrx_word' id='word_1_161' title='bbox 269 3017 411 3084; x_wconf 84' lang='lat' dir='ltr'><strong>criminis</strong></span> <span class='ocrx_word' id='word_1_162' title='bbox 435 3018 588 3108; x_wconf 78' lang='lat' dir='ltr'><strong>apparuit·</strong></span> <span class='ocrx_word' id='word_1_163' title='bbox 611 3017 831 3086; x_wconf 79' lang='lat' dir='ltr'><strong>erubescendo</strong></span> <span class='ocrx_word' id='word_1_164' title='bbox 855 3017 895 3086; x_wconf 89' lang='lat' dir='ltr'><strong>de</strong></span> <span class='ocrx_word' id='word_1_165' title='bbox 917 3021 1124 3088; x_wconf 80' lang='lat' dir='ltr'><strong>sacramentis</strong></span> 
     </span>
     <span class='ocr_line' id='line_1_24' title="bbox 70 3113 1124 3218; baseline 0 -28"><span class='ocrx_word' id='word_1_166' title='bbox 70 3209 73 3218; x_wconf 23' lang='grc' dir='ltr'><strong><em>ι</em></strong></span> <span class='ocrx_word' id='word_1_167' title='bbox 98 3150 111 3182; x_wconf 78' lang='lat' dir='ltr'><strong>r</strong></span> <span class='ocrx_word' id='word_1_168' title='bbox 140 3119 329 3190; x_wconf 83' lang='lat' dir='ltr'><strong>humilitatis</strong></span> <span class='ocrx_word' id='word_1_169' title='bbox 343 3123 442 3191; x_wconf 83' lang='lat' dir='ltr'><strong>Verbi</strong></span> <span class='ocrx_word' id='word_1_170' title='bbox 458 3124 576 3201; x_wconf 89' lang='lat' dir='ltr'><strong>divini,</strong></span> <span class='ocrx_word' id='word_1_171' title='bbox 599 3137 633 3190; x_wconf 91' lang='lat' dir='ltr'><strong>et</strong></span> <span class='ocrx_word' id='word_1_172' title='bbox 646 3147 712 3190; x_wconf 88' lang='lat' dir='ltr'><strong>uon</strong></span> <span class='ocrx_word' id='word_1_173' title='bbox 729 3113 950 3192; x_wconf 81' lang='lat' dir='ltr'><strong>erubescendo</strong></span> <span class='ocrx_word' id='word_1_174' title='bbox 965 3124 1007 3190; x_wconf 92' lang='lat' dir='ltr'><strong>de</strong></span> <span class='ocrx_word' id='word_1_175' title='bbox 1025 3123 1124 3191; x_wconf 78' lang='lat' dir='ltr'><strong>suerio</strong></span> 
     </span>
     <span class='ocr_line' id='line_1_25' title="bbox 95 3222 1125 3322; baseline 0.005 -31"><span class='ocrx_word' id='word_1_176' title='bbox 95 3255 108 3291; x_wconf 78' lang='lat' dir='ltr'><strong>r</strong></span> <span class='ocrx_word' id='word_1_177' title='bbox 136 3227 305 3320; x_wconf 81' lang='lat' dir='ltr'><strong>sacrilegis·</strong></span> <span class='ocrx_word' id='word_1_178' title='bbox 325 3231 539 3320; x_wconf 88' lang='lat' dir='ltr'><strong>superborum</strong></span> <span class='ocrx_word' id='word_1_179' title='bbox 557 3222 787 3300; x_wconf 70' lang='lat' dir='ltr'><strong>demoniorum</strong></span> <span class='ocrx_word' id='word_1_180' title='bbox 806 3281 816 3310; x_wconf 91' lang='lat'>‚</span> <span class='ocrx_word' id='word_1_181' title='bbox 833 3255 907 3322; x_wconf 86' lang='lat' dir='ltr'><strong>quae</strong></span> <span class='ocrx_word' id='word_1_182' title='bbox 918 3232 1060 3298; x_wconf 89' lang='lat' dir='ltr'><strong>imitator</strong></span> <span class='ocrx_word' id='word_1_183' title='bbox 1074 3253 1125 3296; x_wconf 88' lang='lat' dir='ltr'><strong>su·</strong></span> 
     </span>
     <span class='ocr_line' id='line_1_26' title="bbox 94 3325 1125 3432; baseline 0.003 -33"><span class='ocrx_word' id='word_1_184' title='bbox 94 3366 108 3399; x_wconf 76' lang='grc' dir='ltr'><strong><em>ι</em></strong></span> <span class='ocrx_word' id='word_1_185' title='bbox 135 3325 260 3426; x_wconf 83' lang='lat' dir='ltr'><strong>&#39;perbua</strong></span> <span class='ocrx_word' id='word_1_186' title='bbox 275 3351 445 3429; x_wconf 87' lang='lat' dir='ltr'><strong>acceperat</strong></span> <span class='ocrx_word' id='word_1_187' title='bbox 456 3363 466 3416; x_wconf 67' lang='grc' dir='ltr'><strong><em>ς</em></strong></span> <span class='ocrx_word' id='word_1_188' title='bbox 485 3337 645 3431; x_wconf 88' lang='lat' dir='ltr'><strong>depuduit</strong></span> <span class='ocrx_word' id='word_1_189' title='bbox 658 3339 815 3417; x_wconf 80' lang='lat' dir='ltr'><strong>vanitati,</strong></span> <span class='ocrx_word' id='word_1_190' title='bbox 842 3350 875 3406; x_wconf 90' lang='lat' dir='ltr'><strong>et</strong></span> <span class='ocrx_word' id='word_1_191' title='bbox 895 3339 1024 3406; x_wconf 89' lang='lat' dir='ltr'><strong>erubuit</strong></span> <span class='ocrx_word' id='word_1_192' title='bbox 1046 3337 1125 3432; x_wconf 68' lang='lat' dir='ltr'><strong>veri·⁴</strong></span> 
     </span>
     <span class='ocr_line' id='line_1_27' title="bbox 93 3441 1125 3536; baseline 0.006 -33"><span class='ocrx_word' id='word_1_193' title='bbox 93 3470 107 3503; x_wconf 72' lang='lat' dir='ltr'><strong>a</strong></span> <span class='ocrx_word' id='word_1_194' title='bbox 138 3445 216 3520; x_wconf 88' lang='lat' dir='ltr'><strong>tati,</strong></span> <span class='ocrx_word' id='word_1_195' title='bbox 236 3445 407 3536; x_wconf 84' lang='lat' dir='ltr'><strong>aubitbque</strong></span> <span class='ocrx_word' id='word_1_196' title='bbox 430 3458 462 3514; x_wconf 91' lang='lat' dir='ltr'><strong>et</strong></span> <span class='ocrx_word' id='word_1_197' title='bbox 485 3447 667 3536; x_wconf 80' lang='lat' dir='ltr'><strong>inopinatus</strong></span> <span class='ocrx_word' id='word_1_198' title='bbox 694 3447 738 3512; x_wconf 86' lang='lat' dir='ltr'><strong>ait</strong></span> <span class='ocrx_word' id='word_1_199' title='bbox 760 3441 988 3533; x_wconf 88' lang='lat' dir='ltr'><strong>Simpliciano,</strong></span> <span class='ocrx_word' id='word_1_200' title='bbox 1006 3456 1042 3510; x_wconf 93' lang='lat' dir='ltr'><strong>ut</strong></span> <span class='ocrx_word' id='word_1_201' title='bbox 1057 3445 1125 3532; x_wconf 84' lang='lat' dir='ltr'><strong>ipae</strong></span> 
     </span>
     <span class='ocr_line' id='line_1_28' title="bbox 92 3549 1120 3638; baseline 0.003 -27"><span class='ocrx_word' id='word_1_202' title='bbox 92 3577 107 3610; x_wconf 75' lang='lat' dir='ltr'><strong>a</strong></span> <span class='ocrx_word' id='word_1_203' title='bbox 137 3551 306 3626; x_wconf 60' lang='lat' dir='ltr'><strong>narrabam</strong></span> <span class='ocrx_word' id='word_1_204' title='bbox 321 3553 495 3619; x_wconf 76' lang='lat' dir='ltr'><strong>Eamuain</strong></span> <span class='ocrx_word' id='word_1_205' title='bbox 506 3554 703 3628; x_wconf 79' lang='lat' dir='ltr'><strong>Ecclesiam,</strong></span> <span class='ocrx_word' id='word_1_206' title='bbox 722 3551 938 3617; x_wconf 77' lang='lat' dir='ltr'><strong>Christianus</strong></span> <span class='ocrx_word' id='word_1_207' title='bbox 947 3553 1022 3618; x_wconf 83' lang='lat' dir='ltr'><strong>oola</strong></span> <span class='ocrx_word' id='word_1_208' title='bbox 1032 3549 1120 3638; x_wconf 83' lang='lat' dir='ltr'><strong>fieri.</strong></span> 
     </span>
     <span class='ocr_line' id='line_1_29' title="bbox 95 3653 1124 3748; baseline 0.005 -33"><span class='ocrx_word' id='word_1_209' title='bbox 95 3653 182 3721; x_wconf 48' lang='lat' dir='ltr'><strong>..Aa</strong></span> <span class='ocrx_word' id='word_1_210' title='bbox 201 3654 271 3734; x_wconf 89' lang='lat' dir='ltr'><strong>ille,</strong></span> <span class='ocrx_word' id='word_1_211' title='bbox 288 3680 354 3723; x_wconf 89' lang='lat' dir='ltr'><strong>nou</strong></span> <span class='ocrx_word' id='word_1_212' title='bbox 375 3668 409 3723; x_wconf 83' lang='lat' dir='ltr'><strong>&#39;se</strong></span> <span class='ocrx_word' id='word_1_213' title='bbox 425 3659 553 3748; x_wconf 88' lang='lat' dir='ltr'><strong>capiens</strong></span> <span class='ocrx_word' id='word_1_214' title='bbox 570 3657 698 3733; x_wconf 78' lang='lat' dir='ltr'><strong>laetitii,</strong></span> <span class='ocrx_word' id='word_1_215' title='bbox 725 3656 866 3746; x_wconf 83' lang='lat' dir='ltr'><strong>perrexit</strong></span> <span class='ocrx_word' id='word_1_216' title='bbox 892 3679 967 3723; x_wconf 90' lang='lat' dir='ltr'><strong>cum</strong></span> <span class='ocrx_word' id='word_1_217' title='bbox 990 3679 1039 3721; x_wconf 78' lang='lat' dir='ltr'><strong>eo.</strong></span> <span class='ocrx_word' id='word_1_218' title='bbox 1062 3654 1124 3720; x_wconf 91' lang='lat' dir='ltr'><strong>Ubi</strong></span> 
     </span>
     <span class='ocr_line' id='line_1_30' title="bbox 94 3760 1121 3853; baseline 0.003 -32"><span class='ocrx_word' id='word_1_219' title='bbox 94 3787 109 3820; x_wconf 75' lang='lat' dir='ltr'><strong>r</strong></span> <span class='ocrx_word' id='word_1_220' title='bbox 138 3773 249 3827; x_wconf 90' lang='lat' dir='ltr'><strong>autem</strong></span> <span class='ocrx_word' id='word_1_221' title='bbox 265 3762 407 3827; x_wconf 88' lang='lat' dir='ltr'><strong>imbutus</strong></span> <span class='ocrx_word' id='word_1_222' title='bbox 427 3775 476 3828; x_wconf 86' lang='lat' dir='ltr'><strong>est</strong></span> <span class='ocrx_word' id='word_1_223' title='bbox 494 3764 604 3853; x_wconf 86' lang='lat' dir='ltr'><strong>primis</strong></span> <span class='ocrx_word' id='word_1_224' title='bbox 619 3762 867 3829; x_wconf 88' lang='lat' dir='ltr'><strong>instructionum</strong></span> <span class='ocrx_word' id='word_1_225' title='bbox 883 3760 1121 3836; x_wconf 76' lang='lat' dir='ltr'><strong>sacramentis,</strong></span> 
     </span>
    </p>
   </div>
   <div class='ocr_carea' id='block_1_5' title="bbox 14 3853 1249 3956">
    <p class='ocr_par' dir='ltr' id='par_1_5' title="bbox 14 3853 1249 3956">
     <span class='ocr_line' id='line_1_31' title="bbox 14 3853 1249 3956; baseline 0.006 -30"><span class='ocrx_word' id='word_1_226' title='bbox 14 3875 17 3884; x_wconf 59' lang='lat'>¹</span> <span class='ocrx_word' id='word_1_227' title='bbox 94 3891 107 3926; x_wconf 72' lang='lat' dir='ltr'><strong>a</strong></span> <span class='ocrx_word' id='word_1_228' title='bbox 137 3887 202 3932; x_wconf 91' lang='lat' dir='ltr'><strong>uon</strong></span> <span class='ocrx_word' id='word_1_229' title='bbox 218 3863 321 3932; x_wconf 80' lang='lat' dir='ltr'><strong>multo</strong></span> <span class='ocrx_word' id='word_1_230' title='bbox 341 3878 413 3955; x_wconf 85' lang='lat' dir='ltr'><strong>post</strong></span> <span class='ocrx_word' id='word_1_231' title='bbox 428 3867 523 3949; x_wconf 75' lang='lat' dir='ltr'><strong>etiam</strong></span> <span class='ocrx_word' id='word_1_232' title='bbox 540 3853 658 3934; x_wconf 71' lang='lat' dir='ltr'><strong>nomin</strong></span> <span class='ocrx_word' id='word_1_233' title='bbox 673 3865 762 3934; x_wconf 88' lang='lat' dir='ltr'><strong>dedit</strong></span> <span class='ocrx_word' id='word_1_234' title='bbox 776 3915 785 3942; x_wconf 93' lang='lat'><strong>,</strong></span> <span class='ocrx_word' id='word_1_235' title='bbox 798 3877 835 3932; x_wconf 87' lang='lat' dir='ltr'><strong>ut</strong></span> <span class='ocrx_word' id='word_1_236' title='bbox 849 3889 907 3955; x_wconf 89' lang='lat' dir='ltr'><strong>per</strong></span> <span class='ocrx_word' id='word_1_237' title='bbox 922 3867 1123 3956; x_wconf 83' lang='lat' dir='ltr'><strong>baptismum</strong></span> <span class='ocrx_word' id='word_1_238' title='bbox 1242 3857 1249 3934; x_wconf 64' lang='lat' dir='ltr'>s</span> 
     </span>
    </p>
   </div>
   <div class='ocr_carea' id='block_1_6' title="bbox 0 0 1475 4570">
    <p class='ocr_par' dir='ltr' id='par_1_6' title="bbox 0 0 1475 4570">
     <span class='ocr_line' id='line_1_32' title="bbox 0 0 1475 4570; baseline 0 0"><span class='ocrx_word' id='word_1_239' title='bbox 0 0 1475 4570; x_wconf 95' lang='lat' dir='ltr'><strong> </strong></span> 
     </span>
    </p>
   </div>
  </div>
 </body>
</html>
