2990 4570
487 339 526 428 ,l
554 337 649 426 ι97)

68 507 78 539 tt
106 479 209 567 cepit:
234 477 302 568 Age
316 479 431 568 igitur,
449 479 468 542 ὃ
484 478 581 544 homo
597 477 673 554 Dei,
693 475 955 565 quandoquidem
969 499 1035 544 non
1051 475 1091 542 ab

68 616 77 646 t
105 585 294 652 hominibus
310 585 460 676 accepisti
473 598 528 650 aut
540 585 653 652 doctus
666 609 699 652 es
710 583 934 674 Evangelium,
949 585 1006 652 aed
1022 585 1090 673 ipse

68 719 78 750 »
108 704 138 756 te
152 691 314 758 Dominus
331 695 350 755 e
366 673 473 758 meslio
488 689 634 778 judicum
650 703 742 756 terrae
754 681 961 780 desumptum
977 689 1018 756 ad
1033 712 1092 758 ea-

70 824 79 856 »
105 795 256 862 thedram
273 793 481 886 apostolicam
497 795 695 882 transtulit.»
723 797 846 885 (Epist.
871 797 947 882 55.)

110 901 309 990 Symmacho
326 900 411 990 apud
433 899 691 968 Valentinianum
708 901 758 978 11,
776 913 812 968 ut
828 899 928 968 altare
943 900 1093 970 Victoriae

72 1006 153 1072 iutra
170 1007 310 1074 Senatus
336 1006 472 1073 Romani
489 1008 572 1074 aedes
588 1010 827 1084 restitueretur,
844 1008 970 1074 fortiter
988 1008 1093 1096 agouti

38 1198 43 1202 p
72 1112 178 1180 lortius
199 1113 268 1202 ipse
288 1113 423 1204 obstitit.
449 1111 499 1180 Ad
525 1112 698 1180 Maximum
719 1128 894 1204 tyrannum
916 1115 956 1183 ab
978 1113 1094 1180 eodem

72 1218 290 1286 Valentiniano
299 1267 309 1296 ,
318 1217 366 1284 vel
380 1219 486 1314 potibs
494 1219 534 1298 ab
547 1220 617 1306 ejus
628 1232 730 1286 matre
741 1218 868 1286 tustino
881 1220 972 1308 regni
985 1216 1089 1284 babe-

72 1347 122 1388 nas
134 1323 276 1412 junioris
294 1322 378 1388 illius
394 1324 547 1414 principis
560 1322 632 1392 looo
643 1325 851 1400 moderante,
868 1325 955 1412 pacis
973 1325 1096 1392 arbiter

73 1427 259 1516 deputatus,
276 1425 400 1494 bellum
413 1427 452 1492 ab
469 1427 603 1518 imperio
616 1452 727 1496 arcere
741 1428 916 1518 praevaluit.
942 1427 1026 1498 cum
1042 1452 1098 1494 au·

73 1546 134 1598 tem
148 1529 267 1597 Ariana
281 1526 335 1620 illa
349 1543 495 1601 matrona
512 1531 667 1626 templum
681 1533 806 1600 Arianis
821 1532 1015 1626 tradendpm
1025 1555 1097 1622 pos·

74 1637 200 1713 tularet,
213 1637 392 1725 intrepidus
409 1638 574 1726 respondit
589 1638 743 1728 pontifex,
761 1661 867 1706 sacras
879 1639 939 1706 Dei
954 1640 1038 1706 aedes
1055 1639 1095 1704 ab
1169 1726 1173 1732 Ι

72 1743 175 1834 impiis
188 1743 402 1832 profanandas
413 1744 541 1812 tradere
556 1746 709 1833 episcopo
721 1768 787 1812 non
802 1744 913 1812 licere.
939 1747 1024 1814 Hinc
1038 1769 1096 1812 ox·
1159 1779 1162 1788 f

75 1861 140 1914 orta
167 1859 282 1914 contra
304 1858 452 1920 sanetum
470 1848 635 1914 doctorem
658 1850 861 1917 acerbissima
885 1852 1093 1939 persecutio:

73 1951 225 2022 satellites
241 1951 382 2042 untfique
398 1975 486 2018 sacra
510 1951 629 2040 templa
640 1953 918 2043 ¹circumstabantz
946 1955 1096 2042 projicie-

72 2061 189 2128 bantur
211 2055 243 2123 in
261 2043 424 2138 carcerem
441 2055 617 2134 Catholioi;
647 2059 805 2147 urgebant
820 2058 931 2149 templi
947 2059 1096 2126 traditio-

75 2189 147 2230 nem
164 2163 253 2230 missi
268 2163 308 2242 ab
326 2163 519 2252 imperatore
533 2161 679 2232 Tribuni.
701 2164 903 2234 Ascendebat
918 2166 1039 2231 iutereb
1055 2164 1097 2230 ad

75 2269 174 2334 altare
195 2291 254 2356 pro
269 2267 388 2361 populo
405 2267 498 2336 simbl
515 2282 548 2336 et
563 2271 756 2360 imperatore
771 2284 919 2338 oraturus
934 2270 1100 2359 pontifex,

81 2374 278 2452 instantibus
288 2373 484 2464 respondens
501 2375 679 2444 Comitibus
698 2400 706 2447 t
728 2403 743 2440 a
754 2377 787 2446 Si
799 2384 817 2450 a
830 2399 882 2444 me
897 2387 1021 2463 peteret
1036 2377 1098 2440 im-

76 2510 88 2542 »
116 2495 252 2576 perator
281 2479 368 2568 quod
384 2503 493 2546 meum
509 2495 609 2558 esset,
626 2481 740 2558 idest,
756 2481 893 2548 fundum
906 2502 1035 2555 meum,
1051 2503 1099 2544 ar·

77 2619 90 2652 s
119 2599 396 2679 gentummeum,
415 2588 539 2677 quidvis
554 2587 739 2678 hujusmodi
756 2609 884 2686 meum,
916 2609 982 2654 non
999 2586 1100 2652 refra-

76 2725 89 2758 ι
119 2717 251 2786 garam,
278 2701 462 2782 quanquam
486 2695 613 2770 omnia,
640 2717 712 2782 quse
733 2703 797 2760 met
824 2705 914 2770 sunt,
941 2699 1015 2760 verb
1037 2693 1102 2758 sint

77 2833 89 2865 ι
119 2825 299 2894 pauperum
318 2827 326 2868 :
345 2807 457 2868 verbm
470 2825 506 2868 oa
521 2825 593 2891 quae
610 2813 684 2868 sunt
700 2801 805 2866 divina
817 2801 1028 2890 imperatorio
1044 2815 1099 2888 po

76 2935 89 2967 ι
117 2905 223 2972 testati
245 2897 312 2970 non'
327 2917 402 2970 sunt
423 2904 580 2994 subjecta.
597 2902 631 2970 Si
646 2904 1028 2992 patrimoniumpetitur,
1046 2905 1100 2970 in-

75 3039 87 3072 »
119 3011 242 3078 vadite:
263 3010 288 3076 si
304 3025 439 3105 corpus,
456 3033 647 3082 occurram:
664 3008 758 3076 vultis
772 3010 804 3074 in
819 3007 943 3076 vincula
956 3009 1097 3098 rapere?

75 3147 87 3179 ι
119 3115 214 3184 vultis
231 3116 265 3180 iu
278 3115 438 3181 mortem}¹
454 3115 618 3205 Voluptati
633 3128 681 3182 est
694 3116 782 3182 mibi.
801 3115 871 3182 Non
883 3138 941 3205 ego
954 3115 1097 3182 vallabor

74 3253 86 3284 s
119 3221 368 3290 circumfusione
390 3219 606 3309 populorum,
630 3243 692 3288 neo
717 3219 829 3286 altaria
852 3205 968 3286 tenebo
1001 3221 1099 3304 vitam

74 3359 87 3390 s
119 3328 316 3403 obsecrans,
350 3325 406 3392 s'ed
433 3351 492 3416 pro
526 3325 677 3394 altaribus
705 3327 824 3416 gratibs
855 3325 1091 3394 immolabor.»

78 3435 208 3524 (Epist.
228 3455 282 3518 no,
299 3443 352 3496 tt.⁰
368 3433 421 3518 8.)

119 3535 336 3604 Pernoctabat
354 3535 387 3600 in
410 3532 545 3604 ecclesia
560 3533 715 3626 populus,
738 3533 835 3602 moda
858 3533 1102 3600 concionantem

74 3645 254 3736 suspiciens
275 3643 490 3733 pontificem,
521 3643 626 3710 modo¹
639 3642 770 3710 alternis
793 3641 915 3708 vicibus
940 3663 1104 3708 sacrorum

74 3747 279 3816 Psalmorum
291 3771 401 3814 versus
414 3747 587 3816 decantans
598 3742 706 3825 ,'unde
721 3747 754 3811 in
770 3743 903 3814 ecelesia
919 3741 1104 3834 psalmodia

73 3880 152 3927 usus
168 3852 341 3922 invaluisse
359 3853 511 3921 creditur.
535 3851 610 3936 Quo
622 3852 722 3942 magis
736 3850 935 3941 agitabatur,
953 3855 994 3918 eb,
1007 3849 1108 3938 magis
