2956 4586
358 411 360 418 .
429 415 432 418 ,
830 323 942 412 (68)

358 465 414 510 nes
427 455 570 512 veterum
584 443 841 514 elucubrationes
857 444 1135 514 commendantur.
1161 470 1174 504 s
1197 441 1378 514 Feruntur,

359 577 372 610 r
403 551 506 639 iuquit
522 551 754 642 Hieronymus,
775 553 843 640 ejus
859 553 995 642 iusignia
1011 551 1198 628 volumina,
1220 548 1380 638 plenaque

358 679 371 714 a
402 653 589 722 eruditionis
613 669 646 722 et
665 656 874 746 eloquentiae,
898 669 965 722 tem
987 656 1027 722 dc
1051 656 1225 744 Scripturis
1241 653 1378 725 divinis,

357 785 370 819 a
400 761 547 848 quamde
563 761 712 829 secularis
724 760 909 828 litteraturae
925 762 1149 828 instrumento.
1172 760 1184 848 (
1200 761 1252 826 Dc
1262 759 1376 846 script.

356 889 369 924 a
400 863 522 932 Eccles.
543 853 575 931 c.
588 868 639 932 38.
653 867 664 954 )
677 866 735 936 Vir
749 887 821 931 mco
836 863 957 953 judicio
973 866 1203 932 eruditissimus
1206 911 1271 932 .....
1292 861 1380 942 Quid

355 995 368 1029 a
401 969 459 1058 (in
475 969 557 1036 illiue
573 970 854 1058 librislindoctum
868 970 882 1043 i
895 971 1057 1060 lmblquid
1071 977 1168 1037 none
1183 970 1288 1036 medii
1303 968 1379 1057 phi-

354 1103 368 1136 »
398 1074 543 1166 losophii
558 1090 605 1144 cst
616 1079 652 1144 i»
666 1077 785 1174 (Epist.
805 1077 858 1142 85.
874 1078 919 1142 od
933 1078 1050 1169 Magn.
1061 1077 1167 1165 )ldem
1182 1075 1313 1142 Eusebii
1324 1075 1379 1163 ju-

354 1178 437 1248 dicio
456 1181 624 1248 mirabilis
648 1182 799 1248 Clemens
813 1181 1003 1270 praedicatur
1020 1183 1077 1248 vir
1092 1183 1244 1248 omnium
1265 1203 1379 1246 rerum

353 1287 556 1374 experientia
575 1289 775 1372 scientiaque
801 1288 981 1376 preditos,
1009 1303 1039 1352 et
1061 1288 1099 1350 in
1130 1311 1189 1354 usu
1212 1288 1379 1376 plurimo-

353 1413 430 1458 rum
451 1395 658 1484 negotiorum
679 1393 963 1482 prudentissimus.
988 1393 1082 1460 Addo
1104 1405 1137 1458 et
1160 1394 1193 1460 S.
1222 1393 1377 1482 Cyrillum
1420 1467 1425 1492 Ι

353 1493 625 1574 Alexandrinum,
643 1498 698 1588 qui
716 1495 807 1564 illum
824 1508 938 1562 vocat«
950 1497 1054 1564 virum
1076 1497 1232 1584 imprimis
1254 1497 1383 1586 studic-¹

354 1629 368 1664 a
400 1625 491 1680 sum,
506 1605 560 1692 qui
574 1627 706 1679 eorum,
720 1625 790 1691 quae
800 1602 887 1692 apud
907 1602 1035 1670 Graecos
1046 1584 1196 1691 leguntur
1208 1653 1218 1680 ,
1231 1601 1375 1670 altitudi-

355 1735 369 1769 »
400 1723 476 1774 uem
494 1715 570 1774 curt
584 1730 622 1773 ac
642 1706 747 1774 studio
761 1717 981 1798 perscrutatus
994 1719 1061 1784 est,
1087 1731 1151 1796 quo
1170 1708 1321 1795 paucies
1339 1707 1375 1772 iis

353 1843 367 1877 r
399 1815 454 1903 qui
474 1814 593 1902 ubique
610 1837 684 1881 eum
707 1821 940 1902 praecessores
964 1812 1046 1900 (tit.
1067 1839 1096 1900 7.
1113 1806 1322 1901 indutiae.)

395 1917 528 1989 Photius
541 1917 680 2006 denique
690 1919 737 1984 sic
749 1916 833 1982 illius
845 1917 1062 1985 elocutionem
1074 1917 1215 2008 depingit
1229 1941 1237 1983 :
1249 1917 1375 1984 «Dictio

292 2011 295 2020 ’
350 2055 363 2090 r
394 2025 508 2091 florida
537 2037 790 2113 attemperatum,
808 2025 979 2114 quamdam
1000 2025 1202 2116 gravitatem.
1215 2047 1282 2090 uon
1309 2025 1376 2090 sine

300 2191 303 2204 ,
353 2161 366 2195 »
397 2131 597 2222 jucunditate
609 2131 750 2220 adsurgit
760 2182 770 2208 ,
779 2131 906 2198 etvaria
918 2130 992 2222 illa,
1008 2153 1078 2222 quae
1092 2131 1125 2198 in
1136 2131 1173 2198 iis
1186 2143 1233 2196 est
1244 2182 1253 2208 ‚
1264 2153 1376 2196 rerum

351 2263 365 2300 o
397 2235 1080 2329 coguitiouihilhnbetminiuconvenicus.»
1095 2234 1375 2324 (Ridicodrro.)
1458 2229 1459 2266 l

677 2401 847 2446 teututottus
872 2401 1049 2446 nucleum.

395 2517 518 2584 Excusa
533 2515 693 2602 habentur
705 2515 738 2582 S.
758 2514 932 2582 Clementis
946 2495 1151 2582 Alexandrini
1164 2515 1282 2605 scripta
1298 2539 1306 2580 :

397 2622 508 2688 Groece
521 2647 572 2688 en.
597 2618 698 2701 1550',
726 2636 914 2692 recensente
930 2607 1027 2689 Petro
1043 2625 1075 2690 V
1076 2625 1214 2701 ictorio,
1231 2623 1263 2690 F
1266 2623 1378 2688 loren-

350 2729 427 2805 tica,
453 2741 486 2794 ct
506 2754 556 2796 an.
581 2731 662 2818 1592
676 2751 692 2808 ,’
713 2731 864 2798 Heidelb.
891 2754 966 2798 cum
987 2714 1247 2821 castigationibus
1267 2731 1373 2828 frid.

351 2833 544 2925 Sylburgii,
564 2834 669 2901 iu-lol.
919 2845 921 2852 ’

336 2949 340 2960 ’
396 2937 516 3004 Latine
526 2951 633 3004 autem
647 2945 716 3005 tom
728 2941 811 3006 inter
822 2931 1033 3008 bibliothecas
1046 2934 1176 3006 Patrum
1187 2988 1195 3014 ‚
1208 2943 1279 3002 tum
1291 2937 1377 3004 inter

353 3041 482 3108 Petrum
495 3043 588 3110 Mella
604 3047 636 3112 F
636 3035 743 3113 raiaco.
762 3039 1041 3132 Rous‚'Lortdirai,
1062 3069 1112 3112 an.
1137 3045 1218 3110 1650
1230 3095 1239 3120 ,
1253 3045 1351 3110 irs-80.

353 3164 356 3169 ’
384 3149 509 3215 Graece
523 3167 553 3217 et
568 3152 685 3229 latine,
703 3145 831 3218 Oronti
845 3145 911 3230 ,''cx
925 3145 1109 3217 recensione
1120 3149 1220 3215 Joarc.
1233 3151 1376 3226 Posteri,

357 3255 712 3350 Oxouiensisepiscopi,
726 3281 779 3324 an.
799 3257 880 3343 1715
894 3284 904 3334 ;
920 3282 990 3347 quae
1006 3257 1136 3347 quidem
1152 3255 1250 3322 editio
1262 3279 1378 3322 recusa

191 3339 193 3342 Ι
262 3447 266 3452 .
354 3373 402 3428 est
415 3359 448 3426 V
447 3362 577 3439 'cocciis³
585 3387 642 3427 ea.
664 3361 760 3450 1757,
774 3386 849 3431 cum
864 3363 1050 3452 fragmentis
1062 3361 1150 3429 novis
1165 3384 1204 3426 ex
1215 3359 1380 3427 Fabricio

353 3467 520 3556 excerptis.

370 3585 372 3590 ’
558 3601 585 3608 “’
608 3601 611 3606 “
687 3611 825 3655 casurum
849 3612 1027 3656 venemens.
1063 3600 1083 3678 Ἰ

404 3713 456 3782 i.⁰¹
470 3715 749 3784 Eaebortatorium
771 3697 944 3808 adgentes
969 3715 1081 3806 gallice
1103 3715 1223 3805 prodiit
1248 3726 1384 3782 auctore

354 3823 560 3911 D.‚Cousin‚
577 3823 743 3902 Parisiis,
760 3847 811 3912 aa.
835 3825 938 3906 1684,
956 3825 1061 3891 in-un.
1214 3815 1217 3824 ’
