2956 4586
546 341 622 428 (51
650 343 662 427 l

69 481 182 570 doque
192 481 393 555 lulianum,
408 477 449 542 ed
460 499 621 542 summam
636 487 828 564 potestatem
844 475 991 542 evehitur
1001 475 1108 562 Septi·

69 583 357 658 miae-Severus,
375 581 430 670 qui
447 581 564 646 iterhm
588 579 795 646 christianam
820 578 1007 668 religionem
1029 601 1108 668 pro-

70 695 228 784 scripsit,
245 693 404 782 vitamque
421 692 454 756 in
470 690 601 756 tertium
615 689 761 768 seculum
773 689 953 779 protelavit.

549 873 571 960 g
595 872 643 938 ll.

283 1071 503 1138 Summarum
516 1072 722 1160 Pontificum
735 1075 900 1140 sueoesrie.

115 1282 152 1346 S.
167 1279 369 1354 Euaristus,
384 1275 534 1350 Graeeus,
548 1287 621 1364 post
636 1299 736 1344 annos
747 1279 952 1368 pontilieetds
965 1307 1004 1371 9,
1020 1307 1106 1350 aurio

73 1387 196 1452 Christi
212 1409 272 1473 ¹⁰9
285 1435 294 1462 ,
307 1395 431 1472 martyr
447 1383 622 1450 oocumhit.

116 1497 155 1563 S.
189 1494 391 1569 Aleueudee
409 1491 450 1569 Ι,
475 1489 664 1564 Romanus,
697 1513 783 1558 enno
806 1494 1011 1582 pontificatus
1038 1521 1103 1573 ιο,

74 1601 193 1667 Christi
205 1611 314 1665 autem
335 1622 347 1662 1
358 1621 416 1685 ¹9³
433 1597 588 1684 martyrio
599 1596 719 1684 pariter
731 1599 829 1687 vitam
841 1615 1056 1670 consummet.

120 1707 155 1772 S.
176 1700 351 1780 Simus-l,
373 1702 561 1778 Romanus,
585 1699 675 1768 sedet
707 1704 798 1770 annis
828 1708 868 1782 8,
891 1707 924 1773 id
950 1719 1016 1786 est,
1049 1733 1105 1776 us-

79 1807 142 1900 que
158 1811 200 1876 ed
224 1833 346 1876 annum
370 1808 488 1874 Christi
520 1832 605 1896 127,
626 1833 690 1898 quo
715 1833 826 1898 pessus
853 1827 902 1880 est
928 1815 1105 1905 imperante

76 1916 230 1983 Adriano.
976 1951 979 1959 ,

119 2022 156 2087 S.
189 2017 417 2108 Telesphorus,
441 2015 597 2094 Graecus,
628 2019 986 2108 regnenteAntonino‚
1020 2051 1104 2094 anno

74 2125 193 2190 Christi
215 2125 297 2212 159,
324 2121 530 2213 pontificatds
553 2134 661 2188 autem
686 2147 743 2200 11,
765 2147 864 2192 oaesus
888 2151 947 2218 pro
973 2127 1103 2200 Christo

72 2227 252 2319 perimitur.
870 2269 872 2274 ·

118 2335 155 2400 S.
175 2333 351 2422 Hyginus,
367 2330 523 2407 Graecus,
553 2332 759 2424 philosophus
776 2346 868 2404 antea
884 2338 1102 2422 Atheniensis,

74 2441 116 2506 ud
133 2461 233 2505 annos
248 2441 270 2517 4
286 2461 352 2502 non
370 2439 537 2528 pervenit,
561 2461 708 2530 annoque
731 2441 849 2510 Christi
873 2449 933 2524 lla
955 2470 1015 2535 pro
1037 2447 1103 2514 lide

59 2546 217 2613 ¹eaeditur.

101 2649 152 2718 S.
173 2651 258 2716 Pius
272 2649 287 2715 l
302 2697 311 2726 ,
330 2645 564 2736 Aquileiensis,
583 2675 668 2720 anno
683 2652 889 2742 pontificaths
909 2658 968 2733 15,
983 2655 1102 2726 Christi

46 2775 48 2781 '
68 2772 178 2825 autem
198 2759 280 2843 157,
297 2767 422 2846 martyr
436 2756 508 2822 vitae
522 2757 622 2824 finem
641 2761 771 2826 invenit.

114 2867 151 2931 S.
175 2865 356 2938 Anicetus,
382 2861 505 2950 Syrus,
525 2863 637 2932 illaroo
662 2864 793 2931 Aurelio
815 2869 940 2958 imperii
956 2869 1100 2944 habenas

69 2971 270 3045 moderante,
282 2980 354 3058 post
366 2990 465 3033 annos
478 2971 683 3056 pontificatds
695 2995 747 3049 11,
761 2977 952 3062 martyrium
965 2981 1099 3068 potitur,

70 3101 157 3145 anno
172 3073 295 3141 seilicet
306 3072 427 3138 Christi
445 3074 516 3140 168.

118 3184 155 3249 S.
182 3181 295 3255 Soter,
312 3176 488 3244 Fundanus
505 3184 524 3244 e
540 3179 741 3268 Campanil,
772 3205 857 3250 auno
874 3184 993 3252 Christi
1014 3211 1073 3277 177
1090 3241 1099 3268 ,

68 3285 275 3380 pontificatus
291 3296 399 3350 autem
411 3307 451 3372 9,
465 3285 499 3349 in
515 3283 633 3352 celum
645 3289 799 3378 martyrio
814 3291 1015 3360 transfertur.

112 3397 149 3460 S.
169 3391 391 3470 Eleutherna,
419 3391 549 3458 Graecus
564 3443 572 3469 ,
589 3393 630 3460 de
649 3397 768 3487 oppido
786 3396 931 3486 Nicopoli
945 3449 965 3476 ,,
979 3401 1021 3468 ed
1041 3425 1100 3468 an-

68 3526 148 3568 num
163 3499 369 3590 pontificatus
390 3501 450 3576 16,
463 3500 580 3568 Christi
597 3513 705 3568 autem
722 3506 802 3592 195,
816 3519 1018 3592 perseverat,
1035 3533 1098 3598 quo

67 3608 256 3701 interiectus
272 3620 321 3674 est
336 3607 457 3697 aliquot
471 3622 545 3699 post
558 3610 740 3687 mensibus,
757 3618 854 3701 quum
866 3635 1001 3680 suerum
1014 3639 1095 3682 oon-

63 3714 240 3806 spiratione
253 3715 428 3803 imperator
441 3715 638 3784 Commodus
654 3731 839 3784 necaretur.

105 3823 191 3890 Hine
212 3821 376 3888 extollitur
394 3824 430 3889 S.
451 3823 623 3900 Victori,
646 3823 745 3902 Afer,
763 3826 822 3891 sub
850 3827 943 3915 eujus
959 3827 1094 3918 pontifi-
