2956 4586
572 362 686 450 (η)

11 499 12 535 ³
105 496 272 588 theologia
286 549 296 576 ‚
309 499 363 566 ubi
374 521 443 588 quae
458 499 492 564 ln
507 496 576 565 Deo
592 517 661 566 esse
675 513 837 591 nequeant
848 501 934 567 nudi
950 513 985 566 et
998 500 1135 590 simplici
1209 583 1213 592 ι

11 602 13 639 ³
106 607 312 674 enarratione
327 609 479 698 exponils
507 609 554 674 5³
570 607 742 674 duodecim
758 607 911 698 epistolas
928 607 968 673 ad
983 607 1134 674 diversos.

156 711 227 780 Hoo
239 712 278 780 de
288 709 370 780 illius
386 713 547 782 scribendi
562 737 680 804 genere
696 712 853 803 judicium
869 713 901 778 in
920 713 990 802 ejus
1004 713 1064 778 vitu
1080 723 1135 776 tu-

10 835 11 840 ’
111 816 149 882 lit
164 817 276 891 Suidas
294 843 327 884 :s
342 821 422 909 Ejus
437 821 626 910 sapientiam
641 831 674 885 et
697 817 913 908 eloquentiam
933 815 1034 906 stylus
1059 839 1139 906 prae·

113 923 364 1016 »stanlissimus
388 923 546 990 librorum
569 923 609 990 ab
631 947 669 990 eo
693 925 948 1014 conscriptorum
974 921 1070 1012 plane
1086 921 1139 986 de·

110 1058 124 1092 ι
154 1041 329 1107 monstrat,
350 1031 509 1119 siquidem
524 1042 557 1097 et
576 1042 864 1120 externarumque
879 1027 1140 1097 vocanturdisci·

109 1163 123 1195 s
154 1133 345 1223 plinarum‚
374 1147 622 1224 nostrarumque
640 1136 849 1225 peritissimus
870 1136 942 1202 fuit.
963 1134 1082 1202 Namsi
1098 1132 1140 1197 ad

108 1268 122 1302 s
152 1264 286 1308 suorum
302 1241 475 1324 verboru‘m
491 1242 695 1330 splendorem
703 1244 998 1330 sententiarumque
1009 1241 1141 1330 prolun-

107 1375 122 1408 ι
154 1346 288 1414 dilatem
303 1349 454 1438 respicias
469 1399 478 1426 ,
491 1373 557 1416 non
575 1349 723 1416 humana
737 1362 881 1426 nature,
897 1347 955 1416 sed
967 1347 1139 1437 eujusdam

110 1480 123 1512 ι
155 1452 343 1519 immortalis
367 1454 544 1542 divinaeque
563 1455 709 1530 virtutis,
730 1455 795 1522 hoo
814 1455 1009 1522 essesoetum
1033 1453 1142 1520 existi-

110 1587 123 1620 »
154 1559 333 1626 maveris.»
360 1560 556 1647 (Selilais,
576 1561 760 1650 Areopog.)

439 1723 617 1788 Ensrlones
634 1745 815 1788 rnecrrue.

161 1884 272 1950 Groeoe
285 1883 430 1972 quaedam
441 1859 747 1974 primlrm'opnseula
759 1883 949 1974 prodierunt
960 1883 992 1948 in
1004 1882 1144 1948 editione

114 1987 261 2055 Iuntina
276 1993 310 2058 F
311 1991 427 2057 ίονιπε.
439 2015 492 2057 an.
512 1991 594 2057 1516
610 2041 619 2068 ,
633 1991 729 2056 in-8.⁰

155 2093 355 2162 Latiniverb
367 2119 406 2162 ex
415 2095 559 2162 versione
567 2095 669 2164 loon.
681 2091 834 2160 Perionii
842 2089 955 2157 eedem
963 2089 1062 2182 praelo
1073 2091 1146 2159 sub-

111 2196 221 2286 jecta,
240 2199 350 2272 Poris.
365 2247 373 2274 ,
391 2222 442 2264 an.
467 2198 561 2264 1605.
1067 2277 1070 2289 ι

159 2303 309 2368 crocea
321 2305 540 2370 lasinsomnia
552 2305 620 2393 ejus
633 2327 730 2394 opera
750 2327 865 2370 excusa
886 2315 962 2369 sunl
982 2303 1015 2367 V
1015 2305 1144 2381 enetiis,

115 2406 236 2476 edente
244 2410 394 2476 Baitios.
411 2411 584 2487 Corderio,
598 2433 671 2478 eum
683 2411 773 2477 novis
784 2408 1032 2486 accessionibus,
1048 2431 1065 2474 a
1079 2407 1141 2474 vol.

116 2513 220 2582 in-sol.
240 2539 293 2582 an.
317 2517 413 2602 1755.

455 2641 605 2709 Grumum
622 2645 802 2709 vnnmouss‘.

158 2778 259 2848 Nullae
280 2795 456 2850 occurrunt
478 2786 695 2852 memorandae
711 2784 809 2876 hujus
825 2805 961 2872 operum
980 2782 1145 2850 versiones

62 2889 64 2894 ’
114 2885 249 2976 gallicae.

477 3026 479 3030 ’
588 3015 610 3105 S
635 3013 690 3084 IV.

352 3185 389 3250 S.
409 3179 563 3250 Clemens
574 3208 665 3275 popa
680 3183 720 3262 I,
737 3209 793 3251 aa.
818 3207 886 3250 100.

558 3335 702 3406 Guneus.

163 3473 197 3541 S.
218 3473 387 3552 Clemens,
403 3477 491 3542 beati
505 3476 575 3544 Lini
590 3527 599 3556 ‚
617 3492 653 3546 ut
664 3479 812 3557 videtur,
830 3481 863 3545 in
880 3477 957 3544 sede
972 3475 1148 3568 apostolici

117 3601 305 3658 successor,
330 3579 399 3670 ipse
420 3592 469 3646 est
485 3582 525 3647 de
541 3605 604 3672 quo
620 3585 741 3650 mentio
757 3583 794 3649 fit
809 3584 843 3649 iu
859 3581 993 3672 epistolis
1015 3580 1056 3647 ad
1076 3579 1149 3646 Phi·

117 3681 301 3772 lippenses,
321 3684 470 3774 (Philip.
489 3687 521 3766 l.
540 3711 573 3752 o.
592 3687 645 3776 ὅ.)
660 3698 692 3752 et
713 3688 807 3777 cujus
821 3709 940 3753 nomen
960 3686 994 3751 in
1013 3684 1145 3752 Canone

115 3789 218 3857 Missae
233 3814 308 3860 cum
323 3792 550 3884 Apostolorum
566 3793 810 3885 Martyrumque
831 3795 1017 3862 nominibus
1036 3817 1151 3860 recen-

116 3907 216 3962 setur.
234 3898 295 3966 Hic
310 3922 385 3966 oum
397 3898 558 3994 Apostolis
573 3914 800 3980 conversatus,
815 3914 902 3967 tanta
915 3923 1029 3968 eorum
1040 3921 1152 3966 exem-
