2938 4560
544 372 684 463 (²5¹)

110 533 123 568 s
149 507 265 578 reddas
286 507 496 580 maledictam
516 532 577 602 pro
596 511 787 592 maledieto,
805 513 879 580 satis
895 513 930 580 in
945 511 1138 580 tuis'littsris

107 641 122 686 r
149 615 279 684 eminet.
298 615 530 688 Verumtamen
547 617 573 686 si
597 641 652 688 aas
676 621 761 710 ipsas
785 625 861 688 olam
883 618 1031 709 legissem
1056 641 1139 686 eon·

41 811 46 821 x
108 745 122 782 s
150 721 240 788 tabui
255 721 386 800 doloro,
405 736 438 792 ot
448 724 576 815 obrigui
592 727 728 805 timore,
750 726 828 816 quid
846 725 889 794 de
907 725 1029 794 moilla
1048 725 1139 792 faee-

109 852 123 890 s
150 839 330 917 rentsquae
347 829 382 896 iu
402 839 436 894 to
459 828 515 900 ille
535 830 686 920 scripsit,
712 832 738 900 si
760 833 794 902 in
817 854 932 902 manus
953 853 1041 898 meas
1057 830 1141 896 forte

109 962 123 996 r
149 935 320 1006 reumont.
345 937 378 1004 V
377 959 407 1004 ω
424 938 552 1006 mundo
567 944 590 1006 ὰ
603 939 775 1008 amassetis
775 985 872 1008 .......
895 938 978 1020 Quis
999 937 1140 1025 deuiqub

108 1066 122 1102 s
151 1040 276 1108 amisus
291 1041 558 1112 nonsormidetur
572 1045 663 1134 quasi
677 1043 804 1117 tuturus
817 1044 983 1120 inimicus,
996 1044 1022 1109 si
1031 1041 1139 1132 potuit

109 1173 123 1212 s
149 1147 235 1219 inter
249 1149 486 1240 Hieronymum
500 1164 533 1220 et
554 1151 710 1221 Rufinum
728 1152 813 1231 hoe,
830 1152 918 1242 quod
933 1150 1138 1242 plangimus,

107 1279 120 1314 s
149 1253 275 1320 exoriri.
303 1253 332 1323 Ο
354 1257 469 1324 misera
490 1267 524 1322 et
541 1257 723 1326 miseranda
741 1255 957 1326 conditiolO
982 1253 1081 1322 infida
1106 1255 1140 1320 iu

107 1387 122 1426 s
149 1357 367 1431 voluntatibus
382 1363 561 1432 amicorum
576 1365 710 1435 seientia
726 1364 955 1455 praesentium,
974 1362 1031 1428 ubi
1050 1359 1140 1427 nulla

107 1493 122 1534 r
150 1470 406 1556 estpraeseiantia
420 1473 622 1540 futuroruml
628 1521 709 1541 ......
725 1473 899 1542 beers-imis
912 1469 1063 1538 dolorum
1079 1470 1138 1536 sti-

107 1602 122 1638 ι
148 1573 245 1644 mulis
267 1575 486 1656 fodior,dl1m
508 1581 615 1671 cogito
634 1582 720 1648 inter
739 1605 815 1659 uos,
833 1579 951 1669 quibus
972 1579 1060 1647 Deus
1077 1577 1141 1643 hoo
1241 1619 1243 1624 -

106 1710 119 1750 s
147 1683 279 1773 ipsum,
303 1686 392 1774 quod
411 1699 547 1779 uterque
569 1685 716 1758 nostrum
739 1690 885 1780 optavit,
910 1687 1036 1778 largum
1064 1707 1142 1774 pro-
1246 1777 1249 1788 ,
1334 1701 1340 1729 ·“

108 1817 121 1851 ι
148 1787 314 1879 linumque
329 1807 551 1872 concesserat,
571 1807 608 1862 ut
628 1795 886 1886 conjunctissimi
908 1805 942 1860 et
964 1791 1143 1860 familiaris·

106 1923 120 1962 s
146 1896 220 1962 simi
235 1896 331 1964 mella
344 1898 583 1989 seripturarum
597 1914 781 1970 sanetas-um
796 1900 918 1990 paritor
933 1897 1140 1973 lamberetis,

107 2033 121 2068 s
150 2017 247 2072 tantm
267 2008 487 2102 amaritudinis
510 2010 673 2099 irrepsisse
695 2009 874 2099 perniciem
898 2006 1029 2096 quandb
1049 2027 1143 2081 non,

108 2139 122 2173 s
150 2111 208 2178 ubi
227 2135 315 2191 non,
333 2115 386 2181 eui
406 2139 473 2182 non
487 2115 611 2182 homiui
633 2113 873 2181 formidandam
887 2135 897 2178 t
911 2117 988 2179 cum
1004 2135 1043 2178 eo
1058 2123 1144 2178 tem-

108 2246 123 2281 s
149 2241 249 2308 pore,
266 2243 331 2310 quo
344 2211 479 2312 abjectis
492 2223 558 2312 jam
578 2222 710 2288 sarcinis
727 2219 947 2296 secularibus,
967 2219 1034 2309 jam
1051 2240 1144 2308 expe·

106 2349 120 2388 s
149 2323 1143 2417 ditiDominumsequebamini,etinealterrerivebatissimbl,

106 2457 121 2497 s
149 2432 185 2498 in
204 2440 269 2525 qul
286 2435 445 2502 Dominus
467 2436 604 2526 pedibus
626 2435 776 2502 humanis
807 2431 1005 2512 ambulans,
1028 2455 1145 2524 paoem

107 2565 125 2600 s
149 2563 280 2620 meam,
292 2542 417 2630 inquit,
433 2543 598 2621 devehis,
610 2565 728 2633 paoem
741 2565 854 2607 meam
867 2541 1144 2628 relinquendis,
1220 2589 1247 2635 ¹„

108 2673 122 2706 r
157 2645 273 2734 (loru.
296 2651 353 2728 ab,
373 2653 449 2738 27.)
471 2650 547 2716 viris
561 2661 655 2716 aetate
671 2649 827 2725 maturis,
844 2648 922 2714 etin
934 2645 1064 2736 eloquio
1080 2647 1146 2714 Do-

54 2819 60 2824 ,
107 2777 122 2814 s
150 2753 231 2818 mini
248 2753 466 2822 habitantibus
484 2757 575 2823 vobis
591 2736 738 2823 edidere
756 2753 882 2844 potuit?
908 2753 993 2820 Vere
1009 2755 1147 2825 tentatie

110 2885 124 2919 s
149 2860 284 2925 exeita
295 2860 448 2927 leomansi
462 2860 822 2951 superterramxltoh.
844 2885 877 2947 7,
896 2883 921 2924 1.
934 2857 945 2948 )
960 2859 1032 2925 lleu
1044 2859 1145 2938 mibi,
1219 2903 1226 2907 -
1244 2851 1248 2860 ’

109 2991 123 3026 s
153 2965 210 3054 qui
233 2965 432 3034 vo's‘alioubi
456 2967 552 3035 simbl
575 2969 719 3034 invenire
742 2991 808 3037 nou
829 2989 980 3055 possum,
1004 2968 1087 3033 forte
1111 2977 1148 3032 ut

110 3102 126 3137 s
153 3099 300 3152 moveor,
315 3089 350 3142 ut
366 3076 477 3157 doleo,
490 3091 527 3143 ut
542 3079 663 3155 timeo,
680 3077 883 3167 prociderem
901 3076 943 3140 ad
957 3077 1056 3166 podes
1074 3101 1147 3144 ves-

107 3209 121 3244 ι
151 3193 219 3248 tros
228 3206 237 3257 ;
255 3181 369 3250 flerem
383 3181 709 3274 quantbmvalerem3
721 3207 869 3274 rogarem
888 3189 1047 3272 quantlrm
1061 3206 1148 3248 ama*

107 3313 121 3351 s
152 3311 241 3362 rems
266 3288 357 3358 narne'
374 3315 638 3382 unumquemque
662 3294 806 3358 vestrbm
829 3314 889 3380 pro
914 3289 1038 3379 seipso,
1060 3311 1149 3357 nuno

108 3421 124 3460 s
152 3409 329 3486 utrumque
342 3421 401 3488 pro
424 3400 600 3479 alterutro,
616 3413 649 3467 et
663 3426 723 3492 pro
742 3401 816 3467 aliis
832 3412 865 3466 et
885 3399 1023 3464 maxime
1045 3397 1148 3485 infir-

107 3527 122 3565 ι
152 3505 235 3582 mis,
255 3527 322 3596 pro
341 3505 462 3593 quibus
484 3507 640 3575 Christus
657 3497 810 3574 mortuus
830 3521 896 3583 est,
921 3505 975 3593 qui
997 3527 1053 3572 vos
1075 3507 1165 3569 tan·⁴

112 3639 127 3674 s
152 3621 253 3702 qulam
274 3615 307 3684 in
324 3614 450 3682 theatro
470 3617 542 3684 vilae
566 3617 663 3708 hujus
687 3639 763 3683 oum
784 3638 902 3704 magno
925 3623 975 3679 sul
998 3610 1147 3702 periculo

111 3745 125 3780 s
152 3731 319 3808 spectant,
339 3739 381 3786 ne
398 3720 440 3786 do
455 3721 545 3788 vobis
570 3745 609 3788 ea
633 3720 868 3789 conscribendo
894 3718 1051 3808 spargatis
1075 3739 1147 3806 quae

112 3851 128 3886 s
153 3825 349 3914 quandoque
361 3827 595 3896 oottoordentes
611 3827 719 3896 delere
731 3851 796 3892 non
808 3827 974 3918 poteritis,
987 3825 1042 3914 qui
1056 3845 1148 3890 nuno
