<?xml version="1.0" encoding="UTF-8"?>
<!DOCTYPE html PUBLIC "-//W3C//DTD XHTML 1.0 Transitional//EN"
    "http://www.w3.org/TR/xhtml1/DTD/xhtml1-transitional.dtd">
<html xmlns="http://www.w3.org/1999/xhtml" xml:lang="en" lang="en">
 <head>
  <title>
</title>
<meta http-equiv="Content-Type" content="text/html;charset=utf-8" />
  <meta name='ocr-system' content='tesseract 3.04.00' />
  <meta name='ocr-capabilities' content='ocr_page ocr_carea ocr_par ocr_line ocrx_word'/>
</head>
<body>
  <div class='ocr_page' id='page_1' title='image "./rhetoricasancto01cailgoog_0360.png"; bbox 0 0 2960 4592; ppageno 0'>
   <div class='ocr_carea' id='block_1_1' title="bbox 575 311 713 399">
    <p class='ocr_par' dir='ltr' id='par_1_1' title="bbox 575 311 713 399">
     <span class='ocr_line' id='line_1_1' title="bbox 575 311 713 399; baseline 0.022 -3"><span class='ocrx_word' id='word_1_1' title='bbox 575 311 713 399; x_wconf 66' lang='lat' dir='ltr'><strong>(tro)</strong></span> 
     </span>
    </p>
   </div>
   <div class='ocr_carea' id='block_1_2' title="bbox 77 447 1241 2643">
    <p class='ocr_par' dir='ltr' id='par_1_2' title="bbox 77 447 1241 2434">
     <span class='ocr_line' id='line_1_2' title="bbox 124 447 1156 539; baseline 0.002 -23"><span class='ocrx_word' id='word_1_2' title='bbox 124 447 447 525; x_wconf 65' lang='lat' dir='ltr'><strong>Proedmtiaaamoa,</strong></span> <span class='ocrx_word' id='word_1_3' title='bbox 467 449 554 538; x_wconf 65' lang='lat' dir='ltr'><strong>quot</strong></span> <span class='ocrx_word' id='word_1_4' title='bbox 574 456 666 520; x_wconf 68' lang='lat' dir='ltr'><strong>cenis</strong></span> <span class='ocrx_word' id='word_1_5' title='bbox 679 449 854 526; x_wconf 77' lang='lat' dir='ltr'><strong>liatrumuo</strong></span> <span class='ocrx_word' id='word_1_6' title='bbox 884 449 1063 539; x_wconf 77' lang='lat' dir='ltr'><strong>abjudicari</strong></span> <span class='ocrx_word' id='word_1_7' title='bbox 1091 471 1156 518; x_wconf 84' lang='lat' dir='ltr'><strong>uon</strong></span> 
     </span>
     <span class='ocr_line' id='line_1_3' title="bbox 128 553 1157 650; baseline 0.001 -33"><span class='ocrx_word' id='word_1_8' title='bbox 128 563 245 638; x_wconf 86' lang='lat' dir='ltr'><strong>potest.</strong></span> <span class='ocrx_word' id='word_1_9' title='bbox 275 555 347 634; x_wconf 88' lang='lat' dir='ltr'><strong>Quo</strong></span> <span class='ocrx_word' id='word_1_10' title='bbox 371 553 500 642; x_wconf 84' lang='lat' dir='ltr'><strong>quidem</strong></span> <span class='ocrx_word' id='word_1_11' title='bbox 521 555 684 632; x_wconf 89' lang='lat' dir='ltr'><strong>admisso,</strong></span> <span class='ocrx_word' id='word_1_12' title='bbox 711 553 803 650; x_wconf 74' lang='lat' dir='ltr'><strong>focile</strong></span> <span class='ocrx_word' id='word_1_13' title='bbox 823 569 928 645; x_wconf 88' lang='lat' dir='ltr'><strong>potest</strong></span> <span class='ocrx_word' id='word_1_14' title='bbox 947 553 1157 630; x_wconf 78' lang='lat' dir='ltr'><strong>demonstrari</strong></span> 
     </span>
     <span class='ocr_line' id='line_1_4' title="bbox 130 657 1157 751; baseline 0.005 -31"><span class='ocrx_word' id='word_1_15' title='bbox 130 681 213 744; x_wconf 90' lang='lat' dir='ltr'><strong>opus</strong></span> <span class='ocrx_word' id='word_1_16' title='bbox 226 657 305 723; x_wconf 88' lang='lat' dir='ltr'><strong>illud</strong></span> <span class='ocrx_word' id='word_1_17' title='bbox 320 661 519 748; x_wconf 67' lang='lat' dir='ltr'><strong>praesentiam</strong></span> <span class='ocrx_word' id='word_1_18' title='bbox 536 661 654 727; x_wconf 76' lang='lat' dir='ltr'><strong>Christi</strong></span> <span class='ocrx_word' id='word_1_19' title='bbox 678 661 795 727; x_wconf 82' lang='lat' dir='ltr'><strong>realem</strong></span> <span class='ocrx_word' id='word_1_20' title='bbox 812 663 943 728; x_wconf 76' lang='lat' dir='ltr'><strong>minime</strong></span> <span class='ocrx_word' id='word_1_21' title='bbox 959 663 1157 751; x_wconf 80' lang='lat' dir='ltr'><strong>impugnare,</strong></span> 
     </span>
     <span class='ocr_line' id='line_1_5' title="bbox 129 763 1156 854; baseline 0.001 -28"><span class='ocrx_word' id='word_1_22' title='bbox 129 767 209 826; x_wconf 81' lang='lat' dir='ltr'><strong>cium</strong></span> <span class='ocrx_word' id='word_1_23' title='bbox 235 763 339 849; x_wconf 89' lang='lat' dir='ltr'><strong>primo</strong></span> <span class='ocrx_word' id='word_1_24' title='bbox 367 765 471 852; x_wconf 86' lang='lat' dir='ltr'><strong>operis</strong></span> <span class='ocrx_word' id='word_1_25' title='bbox 501 765 645 852; x_wconf 85' lang='lat' dir='ltr'><strong>ingressu</strong></span> <span class='ocrx_word' id='word_1_26' title='bbox 670 763 811 831; x_wconf 88' lang='lat' dir='ltr'><strong>declaret</strong></span> <span class='ocrx_word' id='word_1_27' title='bbox 830 763 910 830; x_wconf 89' lang='lat' dir='ltr'><strong>illud</strong></span> <span class='ocrx_word' id='word_1_28' title='bbox 931 772 948 830; x_wconf 73' lang='lat' dir='ltr'><strong>a</strong></span> <span class='ocrx_word' id='word_1_29' title='bbox 969 789 1002 831; x_wconf 92' lang='lat' dir='ltr'><strong>se</strong></span> <span class='ocrx_word' id='word_1_30' title='bbox 1024 764 1156 854; x_wconf 82' lang='lat' dir='ltr'><strong>figurem</strong></span> 
     </span>
     <span class='ocr_line' id='line_1_6' title="bbox 77 863 1158 962; baseline 0.005 -33"><span class='ocrx_word' id='word_1_31' title='bbox 77 954 81 962; x_wconf 35' lang='grc' dir='ltr'>Ι</span> <span class='ocrx_word' id='word_1_32' title='bbox 131 863 217 942; x_wconf 88' lang='lat' dir='ltr'><strong>dici,</strong></span> <span class='ocrx_word' id='word_1_33' title='bbox 234 867 320 954; x_wconf 92' lang='lat' dir='ltr'><strong>quod</strong></span> <span class='ocrx_word' id='word_1_34' title='bbox 338 866 414 932; x_wconf 87' lang='lat' dir='ltr'><strong>velis</strong></span> <span class='ocrx_word' id='word_1_35' title='bbox 430 869 610 958; x_wconf 77' lang='lat' dir='ltr'>obtegitur,</span> <span class='ocrx_word' id='word_1_36' title='bbox 629 870 795 936; x_wconf 84' lang='lat' dir='ltr'><strong>veritatem</strong></span> <span class='ocrx_word' id='word_1_37' title='bbox 811 881 936 946; x_wconf 87' lang='lat' dir='ltr'><strong>autem,</strong></span> <span class='ocrx_word' id='word_1_38' title='bbox 953 869 1158 959; x_wconf 75' lang='lat' dir='ltr'><strong>quodaperte</strong></span> 
     </span>
     <span class='ocr_line' id='line_1_7' title="bbox 130 970 1157 1061; baseline 0.002 -25"><span class='ocrx_word' id='word_1_39' title='bbox 130 970 233 1040; x_wconf 83' lang='lat' dir='ltr'><strong>videri</strong></span> <span class='ocrx_word' id='word_1_40' title='bbox 259 983 387 1061; x_wconf 37' lang='lat' dir='ltr'><strong>pote-st3¹</strong></span> <span class='ocrx_word' id='word_1_41' title='bbox 408 974 493 1040; x_wconf 75' lang='lat' dir='ltr'><strong>unde</strong></span> <span class='ocrx_word' id='word_1_42' title='bbox 515 973 678 1042; x_wconf 81' lang='lat' dir='ltr'><strong>concludit</strong></span> <span class='ocrx_word' id='word_1_43' title='bbox 703 976 868 1053; x_wconf 82' lang='lat' dir='ltr'><strong>Christum</strong></span> <span class='ocrx_word' id='word_1_44' title='bbox 888 999 957 1041; x_wconf 91' lang='lat' dir='ltr'><strong>esse</strong></span> <span class='ocrx_word' id='word_1_45' title='bbox 979 971 1107 1041; x_wconf 74' lang='lat' dir='ltr'><strong>realiter</strong></span> <span class='ocrx_word' id='word_1_46' title='bbox 1126 974 1157 1039; x_wconf 93' lang='lat' dir='ltr'><strong>in</strong></span> 
     </span>
     <span class='ocr_line' id='line_1_8' title="bbox 132 1075 1159 1172; baseline 0 -30"><span class='ocrx_word' id='word_1_47' title='bbox 132 1075 357 1155; x_wconf 86' lang='lat' dir='ltr'><strong>Sacramento,</strong></span> <span class='ocrx_word' id='word_1_48' title='bbox 383 1079 439 1146; x_wconf 91' lang='lat' dir='ltr'><strong>sed</strong></span> <span class='ocrx_word' id='word_1_49' title='bbox 460 1080 538 1147; x_wconf 79' lang='lat' dir='ltr'><strong>velis</strong></span> <span class='ocrx_word' id='word_1_50' title='bbox 565 1081 762 1148; x_wconf 85' lang='lat' dir='ltr'><strong>Sacramenti</strong></span> <span class='ocrx_word' id='word_1_51' title='bbox 779 1080 963 1156; x_wconf 83' lang='lat' dir='ltr'><strong>obtectum,</strong></span> <span class='ocrx_word' id='word_1_52' title='bbox 980 1077 1159 1172; x_wconf 80' lang='lat' dir='ltr'><strong>acprolnilit</strong></span> 
     </span>
     <span class='ocr_line' id='line_1_9' title="bbox 130 1185 1160 1276; baseline 0.002 -30"><span class='ocrx_word' id='word_1_53' title='bbox 130 1187 258 1248; x_wconf 84' lang='lat' dir='ltr'><strong>tantum</strong></span> <span class='ocrx_word' id='word_1_54' title='bbox 287 1185 320 1250; x_wconf 86' lang='lat' dir='ltr'><strong>in</strong></span> <span class='ocrx_word' id='word_1_55' title='bbox 347 1185 448 1274; x_wconf 71' lang='lat' dir='ltr'><strong>ligura</strong></span> <span class='ocrx_word' id='word_1_56' title='bbox 471 1193 649 1253; x_wconf 73' lang='lat' dir='ltr'><strong>:eaeterhm</strong></span> <span class='ocrx_word' id='word_1_57' title='bbox 677 1185 852 1276; x_wconf 79' lang='lat' dir='ltr'><strong>praedicare</strong></span> <span class='ocrx_word' id='word_1_58' title='bbox 874 1209 940 1252; x_wconf 90' lang='lat' dir='ltr'><strong>non</strong></span> <span class='ocrx_word' id='word_1_59' title='bbox 965 1185 1081 1250; x_wconf 87' lang='lat' dir='ltr'><strong>desinit</strong></span> <span class='ocrx_word' id='word_1_60' title='bbox 1107 1206 1160 1271; x_wconf 85' lang='lat' dir='ltr'><strong>ap·</strong></span> 
     </span>
     <span class='ocr_line' id='line_1_10' title="bbox 131 1291 1159 1383; baseline 0.002 -31"><span class='ocrx_word' id='word_1_61' title='bbox 131 1311 246 1378; x_wconf 86' lang='lat' dir='ltr'><strong>parere</strong></span> <span class='ocrx_word' id='word_1_62' title='bbox 268 1293 407 1359; x_wconf 83' lang='lat' dir='ltr'><strong>exterids</strong></span> <span class='ocrx_word' id='word_1_63' title='bbox 426 1293 518 1383; x_wconf 86' lang='lat' dir='ltr'><strong>panis</strong></span> <span class='ocrx_word' id='word_1_64' title='bbox 536 1294 674 1360; x_wconf 84' lang='lat' dir='ltr'><strong>formam</strong></span> <span class='ocrx_word' id='word_1_65' title='bbox 690 1305 722 1359; x_wconf 85' lang='lat' dir='ltr'><strong>et</strong></span> <span class='ocrx_word' id='word_1_66' title='bbox 743 1291 905 1369; x_wconf 81' lang='lat' dir='ltr'><strong>colorem,</strong></span> <span class='ocrx_word' id='word_1_67' title='bbox 925 1292 1057 1358; x_wconf 81' lang='lat' dir='ltr'><strong>interitus</strong></span> <span class='ocrx_word' id='word_1_68' title='bbox 1082 1295 1159 1356; x_wconf 80' lang='lat' dir='ltr'><strong>verit</strong></span> 
     </span>
     <span class='ocr_line' id='line_1_11' title="bbox 132 1391 1161 1488; baseline 0 -30"><span class='ocrx_word' id='word_1_69' title='bbox 132 1391 246 1461; x_wconf 82' lang='lat' dir='ltr'><strong>adesse</strong></span> <span class='ocrx_word' id='word_1_70' title='bbox 267 1396 395 1465; x_wconf 73' lang='lat' dir='ltr'><strong>realiter</strong></span> <span class='ocrx_word' id='word_1_71' title='bbox 417 1421 533 1488; x_wconf 88' lang='lat' dir='ltr'><strong>corpus</strong></span> <span class='ocrx_word' id='word_1_72' title='bbox 556 1397 674 1466; x_wconf 78' lang='lat' dir='ltr'><strong>Christi</strong></span> <span class='ocrx_word' id='word_1_73' title='bbox 688 1396 759 1471; x_wconf 78' lang='lat' dir='ltr'><strong>:ln</strong></span> <span class='ocrx_word' id='word_1_74' title='bbox 780 1399 900 1488; x_wconf 61' lang='lat' dir='ltr'><strong>macie,</strong></span> <span class='ocrx_word' id='word_1_75' title='bbox 917 1397 1038 1485; x_wconf 89' lang='lat' dir='ltr'><strong>inquit,</strong></span> <span class='ocrx_word' id='word_1_76' title='bbox 1056 1393 1161 1462; x_wconf 75' lang='lat' dir='ltr'><strong>Pania</strong></span> 
     </span>
     <span class='ocr_line' id='line_1_12' title="bbox 130 1502 1160 1596; baseline -0.002 -31"><span class='ocrx_word' id='word_1_77' title='bbox 130 1515 189 1576; x_wconf 75' lang='lat' dir='ltr'><strong>eet,</strong></span> <span class='ocrx_word' id='word_1_78' title='bbox 204 1502 243 1565; x_wconf 79' lang='lat' dir='ltr'><strong>in</strong></span> <span class='ocrx_word' id='word_1_79' title='bbox 254 1502 472 1596; x_wconf 76' lang='lat' dir='ltr'><strong>Sacrameoto</strong></span> <span class='ocrx_word' id='word_1_80' title='bbox 481 1519 598 1570; x_wconf 70' lang='lat' dir='ltr'><strong>ueram</strong></span> <span class='ocrx_word' id='word_1_81' title='bbox 608 1504 738 1570; x_wconf 80' lang='lat' dir='ltr'><strong>Christi</strong></span> <span class='ocrx_word' id='word_1_82' title='bbox 749 1502 1160 1592; x_wconf 72' lang='lat' dir='ltr'><strong>corpusQuapropternon</strong></span> 
     </span>
     <span class='ocr_line' id='line_1_13' title="bbox 132 1591 1202 1698; baseline -0.001 -29"><span class='ocrx_word' id='word_1_83' title='bbox 132 1591 231 1672; x_wconf 78' lang='lat' dir='ltr'><strong>inodo</strong></span> <span class='ocrx_word' id='word_1_84' title='bbox 256 1629 321 1673; x_wconf 90' lang='lat' dir='ltr'><strong>non</strong></span> <span class='ocrx_word' id='word_1_85' title='bbox 348 1621 444 1676; x_wconf 87' lang='lat' dir='ltr'><strong>nocet</strong></span> <span class='ocrx_word' id='word_1_86' title='bbox 473 1608 526 1674; x_wconf 91' lang='lat' dir='ltr'><strong>ille</strong></span> <span class='ocrx_word' id='word_1_87' title='bbox 556 1608 639 1674; x_wconf 93' lang='lat' dir='ltr'><strong>liher</strong></span> <span class='ocrx_word' id='word_1_88' title='bbox 660 1609 832 1698; x_wconf 78' lang='lat' dir='ltr'><strong>integritati</strong></span> <span class='ocrx_word' id='word_1_89' title='bbox 856 1608 931 1674; x_wconf 89' lang='lat' dir='ltr'><strong>iidei</strong></span> <span class='ocrx_word' id='word_1_90' title='bbox 958 1620 1087 1683; x_wconf 63' lang='lat' dir='ltr'><strong>nostre,</strong></span> <span class='ocrx_word' id='word_1_91' title='bbox 1104 1601 1160 1671; x_wconf 87' lang='lat' dir='ltr'><strong>sed</strong></span> <span class='ocrx_word' id='word_1_92' title='bbox 1198 1680 1202 1690; x_wconf 69' lang='lat'>‚</span> 
     </span>
     <span class='ocr_line' id='line_1_14' title="bbox 132 1707 1161 1801; baseline 0.006 -27"><span class='ocrx_word' id='word_1_93' title='bbox 132 1707 223 1774; x_wconf 85' lang='lat' dir='ltr'><strong>illam</strong></span> <span class='ocrx_word' id='word_1_94' title='bbox 249 1709 568 1782; x_wconf 66' lang='lat' dir='ltr'><strong>deontia-multum</strong></span> <span class='ocrx_word' id='word_1_95' title='bbox 594 1711 705 1801; x_wconf 81' lang='lat' dir='ltr'><strong>jurare</strong></span> <span class='ocrx_word' id='word_1_96' title='bbox 728 1722 852 1799; x_wconf 87' lang='lat' dir='ltr'><strong>potest,</strong></span> <span class='ocrx_word' id='word_1_97' title='bbox 869 1715 942 1776; x_wconf 83' lang='lat' dir='ltr'><strong>oium</strong></span> <span class='ocrx_word' id='word_1_98' title='bbox 954 1710 1161 1798; x_wconf 74' lang='lat' dir='ltr'><strong>questionem</strong></span> 
     </span>
     <span class='ocr_line' id='line_1_15' title="bbox 131 1803 1241 1907; baseline 0.001 -27"><span class='ocrx_word' id='word_1_99' title='bbox 131 1803 386 1905; x_wconf 49' lang='lat' dir='ltr'><strong>tunc&#39;temporis</strong></span> <span class='ocrx_word' id='word_1_100' title='bbox 403 1818 556 1907; x_wconf 84' lang='lat' dir='ltr'><strong>agitatam</strong></span> <span class='ocrx_word' id='word_1_101' title='bbox 581 1840 645 1883; x_wconf 86' lang='lat' dir='ltr'><strong>non</strong></span> <span class='ocrx_word' id='word_1_102' title='bbox 670 1819 755 1886; x_wconf 83' lang='lat' dir='ltr'><strong>eirea</strong></span> <span class='ocrx_word' id='word_1_103' title='bbox 777 1818 879 1906; x_wconf 83' lang='lat' dir='ltr'><strong>ipsam</strong></span> <span class='ocrx_word' id='word_1_104' title='bbox 906 1817 1049 1906; x_wconf 76' lang='lat' dir='ltr'><strong>mysterii</strong></span> <span class='ocrx_word' id='word_1_105' title='bbox 1066 1817 1162 1900; x_wconf 72' lang='lat' dir='ltr'><strong>sulas·</strong></span> <span class='ocrx_word' id='word_1_106' title='bbox 1235 1809 1241 1820; x_wconf 58' lang='lat'><em>⁶</em></span> 
     </span>
     <span class='ocr_line' id='line_1_16' title="bbox 132 1922 1163 2024; baseline -0.001 -37"><span class='ocrx_word' id='word_1_107' title='bbox 132 1922 280 2000; x_wconf 83' lang='lat' dir='ltr'><strong>tantiam,</strong></span> <span class='ocrx_word' id='word_1_108' title='bbox 294 1923 351 1990; x_wconf 84' lang='lat' dir='ltr'><strong>sed</strong></span> <span class='ocrx_word' id='word_1_109' title='bbox 366 1924 453 1992; x_wconf 87' lang='lat' dir='ltr'><strong>eirea</strong></span> <span class='ocrx_word' id='word_1_110' title='bbox 469 1925 617 2024; x_wconf 78' lang='lat' dir='ltr'><strong>quedam</strong></span> <span class='ocrx_word' id='word_1_111' title='bbox 632 1930 757 1990; x_wconf 83' lang='lat' dir='ltr'><strong>tanthm</strong></span> <span class='ocrx_word' id='word_1_112' title='bbox 766 1923 876 1999; x_wconf 84' lang='lat' dir='ltr'><strong>rerba,</strong></span> <span class='ocrx_word' id='word_1_113' title='bbox 892 1933 1050 1994; x_wconf 72' lang='lat' dir='ltr'><strong>remum</strong></span> <span class='ocrx_word' id='word_1_114' title='bbox 1067 1923 1163 1998; x_wconf 80' lang='lat' dir='ltr'><strong>luisse</strong></span> 
     </span>
     <span class='ocr_line' id='line_1_17' title="bbox 132 2024 1161 2099; baseline -0.002 -9"><span class='ocrx_word' id='word_1_115' title='bbox 132 2025 299 2092; x_wconf 81' lang='lat' dir='ltr'><strong>evidenter</strong></span> <span class='ocrx_word' id='word_1_116' title='bbox 309 2026 466 2092; x_wconf 76' lang='lat' dir='ltr'><strong>ostendat.</strong></span> <span class='ocrx_word' id='word_1_117' title='bbox 488 2037 529 2091; x_wconf 76' lang='lat'><strong>2⁹.</strong></span> <span class='ocrx_word' id='word_1_118' title='bbox 551 2025 675 2092; x_wconf 84' lang='lat' dir='ltr'><strong>Contra</strong></span> <span class='ocrx_word' id='word_1_119' title='bbox 690 2027 842 2092; x_wconf 81' lang='lat' dir='ltr'><strong>eumdem</strong></span> <span class='ocrx_word' id='word_1_120' title='bbox 852 2025 1027 2092; x_wconf 79' lang='lat' dir='ltr'><strong>liuthetum</strong></span> <span class='ocrx_word' id='word_1_121' title='bbox 1040 2024 1161 2099; x_wconf 83' lang='lat' dir='ltr'><strong>edidit,</strong></span> 
     </span>
     <span class='ocr_line' id='line_1_18' title="bbox 135 2129 1164 2222; baseline 0 -28"><span class='ocrx_word' id='word_1_122' title='bbox 135 2141 309 2198; x_wconf 72' lang='lat' dir='ltr'><strong>montetum</strong></span> <span class='ocrx_word' id='word_1_123' title='bbox 328 2131 369 2196; x_wconf 76' lang='lat' dir='ltr'><strong>de</strong></span> <span class='ocrx_word' id='word_1_124' title='bbox 387 2131 575 2202; x_wconf 74' lang='lat' dir='ltr'><strong>Natioitote</strong></span> <span class='ocrx_word' id='word_1_125' title='bbox 597 2131 749 2210; x_wconf 74' lang='lat' dir='ltr'><strong>Christi,</strong></span> <span class='ocrx_word' id='word_1_126' title='bbox 766 2133 859 2222; x_wconf 75' lang='lat' dir='ltr'><strong>cujus</strong></span> <span class='ocrx_word' id='word_1_127' title='bbox 874 2129 1164 2220; x_wconf 83' lang='lat' dir='ltr'><strong>argumentumvi-</strong></span> 
     </span>
     <span class='ocr_line' id='line_1_19' title="bbox 133 2236 1163 2328; baseline 0.001 -27"><span class='ocrx_word' id='word_1_128' title='bbox 133 2236 201 2302; x_wconf 83' lang='lat' dir='ltr'><strong>deri</strong></span> <span class='ocrx_word' id='word_1_129' title='bbox 226 2249 334 2326; x_wconf 89' lang='lat' dir='ltr'><strong>potest.</strong></span> <span class='ocrx_word' id='word_1_130' title='bbox 350 2238 385 2304; x_wconf 89' lang='lat' dir='ltr'><strong>in</strong></span> <span class='ocrx_word' id='word_1_131' title='bbox 405 2240 573 2328; x_wconf 77' lang='lat' dir='ltr'><strong>praemisso·</strong></span> <span class='ocrx_word' id='word_1_132' title='bbox 588 2239 734 2307; x_wconf 85' lang='lat' dir='ltr'><strong>Ratherti</strong></span> <span class='ocrx_word' id='word_1_133' title='bbox 751 2263 888 2328; x_wconf 81' lang='lat' dir='ltr'><strong>operum</strong></span> <span class='ocrx_word' id='word_1_134' title='bbox 910 2239 1089 2316; x_wconf 80' lang='lat' dir='ltr'><strong>breviario,</strong></span> <span class='ocrx_word' id='word_1_135' title='bbox 1106 2237 1163 2326; x_wconf 84' lang='lat' dir='ltr'><strong>qui</strong></span> 
     </span>
     <span class='ocr_line' id='line_1_20' title="bbox 132 2341 618 2434; baseline 0.004 -27"><span class='ocrx_word' id='word_1_136' title='bbox 132 2341 225 2408; x_wconf 86' lang='lat' dir='ltr'><strong>illum</strong></span> <span class='ocrx_word' id='word_1_137' title='bbox 240 2344 395 2410; x_wconf 76' lang='lat' dir='ltr'><strong>acerrime</strong></span> <span class='ocrx_word' id='word_1_138' title='bbox 411 2345 618 2434; x_wconf 77' lang='lat' dir='ltr'><strong>impugnavit.</strong></span> 
     </span>
    </p>

    <p class='ocr_par' dir='ltr' id='par_1_3' title="bbox 132 2448 1161 2643">
     <span class='ocr_line' id='line_1_21' title="bbox 177 2448 1160 2540; baseline 0 -26"><span class='ocrx_word' id='word_1_139' title='bbox 177 2448 220 2514; x_wconf 84' lang='lat' dir='ltr'><strong>ll⁰</strong></span> <span class='ocrx_word' id='word_1_140' title='bbox 245 2449 420 2516; x_wconf 85' lang='lat' dir='ltr'><strong>llinemaro</strong></span> <span class='ocrx_word' id='word_1_141' title='bbox 448 2451 600 2540; x_wconf 87' lang='lat' dir='ltr'><strong>opposuit</strong></span> <span class='ocrx_word' id='word_1_142' title='bbox 632 2449 757 2517; x_wconf 75' lang='lat' dir='ltr'><strong>tttrum</strong></span> <span class='ocrx_word' id='word_1_143' title='bbox 783 2451 823 2516; x_wconf 79' lang='lat' dir='ltr'><strong>de</strong></span> <span class='ocrx_word' id='word_1_144' title='bbox 847 2450 1160 2524; x_wconf 74' lang='lat' dir='ltr'><strong>Praedestinotione,</strong></span> 
     </span>
     <span class='ocr_line' id='line_1_22' title="bbox 132 2549 1161 2643; baseline 0 -26"><span class='ocrx_word' id='word_1_145' title='bbox 132 2549 306 2620; x_wconf 73' lang='lat' dir='ltr'><strong>catholice</strong></span> <span class='ocrx_word' id='word_1_146' title='bbox 321 2553 474 2621; x_wconf 86' lang='lat' dir='ltr'><strong>doetrinae</strong></span> <span class='ocrx_word' id='word_1_147' title='bbox 493 2556 524 2620; x_wconf 90' lang='lat' dir='ltr'><strong>in</strong></span> <span class='ocrx_word' id='word_1_148' title='bbox 540 2555 688 2620; x_wconf 85' lang='lat' dir='ltr'><strong>omnihus</strong></span> <span class='ocrx_word' id='word_1_149' title='bbox 702 2555 824 2643; x_wconf 71' lang='lat' dir='ltr'><strong>optimc</strong></span> <span class='ocrx_word' id='word_1_150' title='bbox 838 2555 1112 2630; x_wconf 77' lang='lat' dir='ltr'><strong>consentientem,</strong></span> <span class='ocrx_word' id='word_1_151' title='bbox 1129 2563 1161 2618; x_wconf 87' lang='lat' dir='ltr'><strong>et</strong></span> 
     </span>
    </p>
   </div>
   <div class='ocr_carea' id='block_1_3' title="bbox 92 2657 1292 2754">
    <p class='ocr_par' dir='ltr' id='par_1_4' title="bbox 92 2657 1292 2754">
     <span class='ocr_line' id='line_1_23' title="bbox 92 2657 1292 2754; baseline 0.001 -30"><span class='ocrx_word' id='word_1_152' title='bbox 92 2705 96 2712; x_wconf 85' lang='lat'>-</span> <span class='ocrx_word' id='word_1_153' title='bbox 119 2657 243 2724; x_wconf 81' lang='lat' dir='ltr'><strong>&#39;eontra</strong></span> <span class='ocrx_word' id='word_1_154' title='bbox 256 2658 351 2747; x_wconf 87' lang='lat' dir='ltr'><strong>hujus</strong></span> <span class='ocrx_word' id='word_1_155' title='bbox 368 2659 484 2726; x_wconf 87' lang='lat' dir='ltr'><strong>librum</strong></span> <span class='ocrx_word' id='word_1_156' title='bbox 495 2660 580 2737; x_wconf 85' lang='lat' dir='ltr'><strong>idern</strong></span> <span class='ocrx_word' id='word_1_157' title='bbox 593 2673 815 2751; x_wconf 82' lang='lat' dir='ltr'><strong>argumentum</strong></span> <span class='ocrx_word' id='word_1_158' title='bbox 828 2661 950 2754; x_wconf 86' lang='lat' dir='ltr'><strong>agentis</strong></span> <span class='ocrx_word' id='word_1_159' title='bbox 961 2660 1157 2748; x_wconf 68' lang='lat' dir='ltr'><strong>aptantem.</strong></span> <span class='ocrx_word' id='word_1_160' title='bbox 1178 2705 1184 2715; x_wconf 82' lang='lat'><em>·</em></span> <span class='ocrx_word' id='word_1_161' title='bbox 1291 2659 1292 2664; x_wconf 66' lang='grc'>’</span> 
     </span>
    </p>
   </div>
   <div class='ocr_carea' id='block_1_4' title="bbox 175 2763 1224 2854">
    <p class='ocr_par' dir='ltr' id='par_1_5' title="bbox 175 2763 1224 2854">
     <span class='ocr_line' id='line_1_24' title="bbox 175 2763 1224 2854; baseline 0.002 -26"><span class='ocrx_word' id='word_1_162' title='bbox 175 2763 238 2838; x_wconf 67' lang='lat' dir='ltr'><strong>‚tir</strong></span> <span class='ocrx_word' id='word_1_163' title='bbox 258 2763 404 2854; x_wconf 77' lang='lat' dir='ltr'><strong>Denique</strong></span> <span class='ocrx_word' id='word_1_164' title='bbox 429 2768 629 2854; x_wconf 77' lang='lat' dir='ltr'><strong>liespmraum</strong></span> <span class='ocrx_word' id='word_1_165' title='bbox 652 2767 757 2832; x_wconf 89' lang='lat' dir='ltr'><strong>emisit</strong></span> <span class='ocrx_word' id='word_1_166' title='bbox 778 2765 819 2831; x_wconf 91' lang='lat' dir='ltr'><strong>ad</strong></span> <span class='ocrx_word' id='word_1_167' title='bbox 836 2791 893 2843; x_wconf 86' lang='lat' dir='ltr'><strong>ea,</strong></span> <span class='ocrx_word' id='word_1_168' title='bbox 918 2787 989 2854; x_wconf 81' lang='lat' dir='ltr'><strong>quae</strong></span> <span class='ocrx_word' id='word_1_169' title='bbox 1008 2770 1026 2830; x_wconf 76' lang='lat' dir='ltr'><strong>h</strong></span> <span class='ocrx_word' id='word_1_170' title='bbox 1047 2763 1163 2830; x_wconf 90' lang='lat' dir='ltr'><strong>Photio</strong></span> <span class='ocrx_word' id='word_1_171' title='bbox 1220 2835 1224 2846; x_wconf 60' lang='grc'>,</span> 
     </span>
    </p>
   </div>
   <div class='ocr_carea' id='block_1_5' title="bbox 134 2869 1303 2963">
    <p class='ocr_par' dir='ltr' id='par_1_6' title="bbox 134 2869 1303 2963">
     <span class='ocr_line' id='line_1_25' title="bbox 134 2869 1303 2963; baseline 0.001 -29"><span class='ocrx_word' id='word_1_172' title='bbox 134 2869 266 2958; x_wconf 83' lang='lat' dir='ltr'><strong>aliisque</strong></span> <span class='ocrx_word' id='word_1_173' title='bbox 287 2871 408 2940; x_wconf 76' lang='lat' dir='ltr'><strong>&#39;Graeca&#39;s</strong></span> <span class='ocrx_word' id='word_1_174' title='bbox 435 2874 584 2940; x_wconf 81' lang='lat' dir='ltr'><strong>Ecclesiae</strong></span> <span class='ocrx_word' id='word_1_175' title='bbox 611 2873 732 2943; x_wconf 79' lang='lat' dir='ltr'><strong>hatinae</strong></span> <span class='ocrx_word' id='word_1_176' title='bbox 758 2873 1013 2963; x_wconf 87' lang='lat' dir='ltr'><strong>objiciebantur,</strong></span> <span class='ocrx_word' id='word_1_177' title='bbox 1050 2872 1105 2937; x_wconf 89' lang='lat' dir='ltr'><strong>uhi</strong></span> <span class='ocrx_word' id='word_1_178' title='bbox 1122 2871 1162 2936; x_wconf 71' lang='lat' dir='ltr'><strong>dc</strong></span> <span class='ocrx_word' id='word_1_179' title='bbox 1209 2887 1213 2894; x_wconf 85' lang='lat'><em>·</em></span> <span class='ocrx_word' id='word_1_180' title='bbox 1300 2877 1303 2885; x_wconf 90' lang='lat'>&#39;</span> 
     </span>
    </p>
   </div>
   <div class='ocr_carea' id='block_1_6' title="bbox 133 2974 1258 3908">
    <p class='ocr_par' dir='ltr' id='par_1_7' title="bbox 133 2974 1258 3482">
     <span class='ocr_line' id='line_1_26' title="bbox 133 2974 1162 3068; baseline 0.004 -29"><span class='ocrx_word' id='word_1_181' title='bbox 133 2974 343 3041; x_wconf 56' lang='lat' dir='ltr'><strong>Marmorea</strong></span> <span class='ocrx_word' id='word_1_182' title='bbox 356 2979 467 3043; x_wconf 80' lang='lat' dir='ltr'><strong>suncti</strong></span> <span class='ocrx_word' id='word_1_183' title='bbox 480 2977 649 3067; x_wconf 64' lang='lat' dir='ltr'><strong>spiritate,</strong></span> <span class='ocrx_word' id='word_1_184' title='bbox 672 2979 712 3045; x_wconf 91' lang='lat' dir='ltr'><strong>de</strong></span> <span class='ocrx_word' id='word_1_185' title='bbox 729 2979 861 3066; x_wconf 79' lang='lat' dir='ltr'><strong>Sahhati</strong></span> <span class='ocrx_word' id='word_1_186' title='bbox 879 2977 1028 3068; x_wconf 77' lang='lat' dir='ltr'><strong>Jejunio,</strong></span> <span class='ocrx_word' id='word_1_187' title='bbox 1045 2976 1085 3043; x_wconf 91' lang='lat' dir='ltr'><strong>de</strong></span> <span class='ocrx_word' id='word_1_188' title='bbox 1105 2976 1162 3043; x_wconf 80' lang='lat' dir='ltr'><strong>Je-</strong></span> 
     </span>
     <span class='ocr_line' id='line_1_27' title="bbox 133 3079 1161 3171; baseline 0.005 -28"><span class='ocrx_word' id='word_1_189' title='bbox 133 3079 224 3166; x_wconf 91' lang='lat' dir='ltr'><strong>junio</strong></span> <span class='ocrx_word' id='word_1_190' title='bbox 239 3080 515 3171; x_wconf 84' lang='lat' dir='ltr'><strong>Quadragesimae,</strong></span> <span class='ocrx_word' id='word_1_191' title='bbox 534 3083 574 3148; x_wconf 94' lang='lat' dir='ltr'><strong>de</strong></span> <span class='ocrx_word' id='word_1_192' title='bbox 586 3085 656 3148; x_wconf 74' lang='lat' dir='ltr'><strong>rasi</strong></span> <span class='ocrx_word' id='word_1_193' title='bbox 668 3083 788 3161; x_wconf 80' lang='lat' dir='ltr'><strong>barhl,</strong></span> <span class='ocrx_word' id='word_1_194' title='bbox 805 3083 845 3148; x_wconf 89' lang='lat' dir='ltr'><strong>de</strong></span> <span class='ocrx_word' id='word_1_195' title='bbox 862 3083 1075 3151; x_wconf 87' lang='lat' dir='ltr'><strong>Sacerdotum</strong></span> <span class='ocrx_word' id='word_1_196' title='bbox 1091 3081 1161 3148; x_wconf 72' lang='lat' dir='ltr'><strong>tte·-</strong></span> 
     </span>
     <span class='ocr_line' id='line_1_28' title="bbox 135 3175 1258 3276; baseline 0.004 -28"><span class='ocrx_word' id='word_1_197' title='bbox 135 3175 235 3249; x_wconf 87' lang='lat' dir='ltr'><strong>lihatu</strong></span> <span class='ocrx_word' id='word_1_198' title='bbox 248 3233 257 3260; x_wconf 86' lang='lat'><em>‚</em></span> <span class='ocrx_word' id='word_1_199' title='bbox 270 3185 310 3276; x_wconf 85' lang='lat' dir='ltr'><strong>de</strong></span> <span class='ocrx_word' id='word_1_200' title='bbox 322 3186 539 3276; x_wconf 84' lang='lat' dir='ltr'><strong>prohibitione</strong></span> <span class='ocrx_word' id='word_1_201' title='bbox 556 3187 783 3255; x_wconf 84' lang='lat' dir='ltr'><strong>Sacerdotibus</strong></span> <span class='ocrx_word' id='word_1_202' title='bbox 799 3187 882 3255; x_wconf 77' lang='lat' dir='ltr'><strong>fuctd</strong></span> <span class='ocrx_word' id='word_1_203' title='bbox 895 3189 1039 3255; x_wconf 88' lang='lat' dir='ltr'><strong>frontem</strong></span> <span class='ocrx_word' id='word_1_204' title='bbox 1055 3200 1167 3254; x_wconf 78' lang='lat' dir='ltr'><strong>sancto</strong></span> <span class='ocrx_word' id='word_1_205' title='bbox 1256 3207 1258 3213; x_wconf 81' lang='grc'><em>’</em></span> 
     </span>
     <span class='ocr_line' id='line_1_29' title="bbox 141 3284 1164 3382; baseline 0.004 -31"><span class='ocrx_word' id='word_1_206' title='bbox 141 3284 213 3352; x_wconf 80' lang='lat' dir='ltr'><strong>oleo</strong></span> <span class='ocrx_word' id='word_1_207' title='bbox 229 3289 391 3378; x_wconf 83' lang='lat' dir='ltr'><strong>ungendi,</strong></span> <span class='ocrx_word' id='word_1_208' title='bbox 411 3290 452 3355; x_wconf 89' lang='lat' dir='ltr'><strong>de</strong></span> <span class='ocrx_word' id='word_1_209' title='bbox 468 3289 678 3358; x_wconf 83' lang='lat' dir='ltr'><strong>Ordinatione</strong></span> <span class='ocrx_word' id='word_1_210' title='bbox 693 3293 924 3382; x_wconf 85' lang='lat' dir='ltr'><strong>Episcoporum</strong></span> <span class='ocrx_word' id='word_1_211' title='bbox 938 3315 999 3380; x_wconf 82' lang='lat' dir='ltr'><strong>por</strong></span> <span class='ocrx_word' id='word_1_212' title='bbox 1012 3293 1164 3368; x_wconf 81' lang='lat' dir='ltr'><strong>Saltum,</strong></span> 
     </span>
     <span class='ocr_line' id='line_1_30' title="bbox 139 3393 1044 3482; baseline 0.004 -25"><span class='ocrx_word' id='word_1_213' title='bbox 139 3393 177 3458; x_wconf 91' lang='lat' dir='ltr'><strong>de</strong></span> <span class='ocrx_word' id='word_1_214' title='bbox 193 3395 333 3482; x_wconf 88' lang='lat' dir='ltr'><strong>primatu</strong></span> <span class='ocrx_word' id='word_1_215' title='bbox 353 3395 488 3462; x_wconf 88' lang='lat' dir='ltr'><strong>Romani</strong></span> <span class='ocrx_word' id='word_1_216' title='bbox 505 3396 669 3464; x_wconf 83' lang='lat' dir='ltr'><strong>Pontificis</strong></span> <span class='ocrx_word' id='word_1_217' title='bbox 682 3423 745 3466; x_wconf 91' lang='lat' dir='ltr'><strong>non</strong></span> <span class='ocrx_word' id='word_1_218' title='bbox 764 3397 895 3466; x_wconf 77' lang='lat' dir='ltr'><strong>indocte</strong></span> <span class='ocrx_word' id='word_1_219' title='bbox 911 3396 1044 3463; x_wconf 88' lang='lat' dir='ltr'><strong>disserit.</strong></span> 
     </span>
    </p>

    <p class='ocr_par' dir='ltr' id='par_1_8' title="bbox 136 3497 1167 3673">
     <span class='ocr_line' id='line_1_31' title="bbox 180 3497 1167 3590; baseline 0.003 -27"><span class='ocrx_word' id='word_1_220' title='bbox 180 3497 249 3572; x_wconf 64' lang='lat' dir='ltr'><strong>IJV0.</strong></span> <span class='ocrx_word' id='word_1_221' title='bbox 269 3497 420 3588; x_wconf 81' lang='lat' dir='ltr'><strong>Superest</strong></span> <span class='ocrx_word' id='word_1_222' title='bbox 439 3501 534 3568; x_wconf 86' lang='lat' dir='ltr'><strong>etiam</strong></span> <span class='ocrx_word' id='word_1_223' title='bbox 546 3501 714 3570; x_wconf 86' lang='lat' dir='ltr'><strong>Tractatus</strong></span> <span class='ocrx_word' id='word_1_224' title='bbox 730 3505 770 3568; x_wconf 80' lang='lat' dir='ltr'><strong>de</strong></span> <span class='ocrx_word' id='word_1_225' title='bbox 784 3502 921 3580; x_wconf 68' lang='lat' dir='ltr'><strong>Natant</strong></span> <span class='ocrx_word' id='word_1_226' title='bbox 935 3503 1079 3590; x_wconf 74' lang='lat' dir='ltr'><strong>animae,</strong></span> <span class='ocrx_word' id='word_1_227' title='bbox 1098 3522 1167 3590; x_wconf 83' lang='lat' dir='ltr'><strong>quae</strong></span> 
     </span>
     <span class='ocr_line' id='line_1_32' title="bbox 136 3602 518 3673; baseline 0.01 -5"><span class='ocrx_word' id='word_1_228' title='bbox 136 3602 278 3669; x_wconf 85' lang='lat' dir='ltr'><strong>nondhm</strong></span> <span class='ocrx_word' id='word_1_229' title='bbox 298 3603 405 3672; x_wconf 85' lang='lat' dir='ltr'><strong>lucem</strong></span> <span class='ocrx_word' id='word_1_230' title='bbox 429 3605 518 3673; x_wconf 84' lang='lat' dir='ltr'><strong>vidit.</strong></span> 
     </span>
    </p>

    <p class='ocr_par' dir='ltr' id='par_1_9' title="bbox 135 3697 1165 3908">
     <span class='ocr_line' id='line_1_33' title="bbox 176 3697 1165 3790; baseline 0.002 -16"><span class='ocrx_word' id='word_1_231' title='bbox 176 3707 278 3775; x_wconf 74' lang='lat' dir='ltr'><strong>Tanti</strong></span> <span class='ocrx_word' id='word_1_232' title='bbox 299 3710 452 3778; x_wconf 83' lang='lat' dir='ltr'><strong>doctrlnae</strong></span> <span class='ocrx_word' id='word_1_233' title='bbox 474 3712 578 3790; x_wconf 79' lang='lat' dir='ltr'><strong>lamd,</strong></span> <span class='ocrx_word' id='word_1_234' title='bbox 604 3714 681 3779; x_wconf 86' lang='lat' dir='ltr'><strong>dhm</strong></span> <span class='ocrx_word' id='word_1_235' title='bbox 698 3713 844 3789; x_wconf 79' lang='lat' dir='ltr'><strong>viveret,</strong></span> <span class='ocrx_word' id='word_1_236' title='bbox 864 3697 995 3788; x_wconf 89' lang='lat' dir='ltr'><strong>enituit,</strong></span> <span class='ocrx_word' id='word_1_237' title='bbox 1020 3722 1056 3775; x_wconf 91' lang='lat' dir='ltr'><strong>ut</strong></span> <span class='ocrx_word' id='word_1_238' title='bbox 1078 3710 1165 3776; x_wconf 84' lang='lat' dir='ltr'><strong>nulla</strong></span> 
     </span>
     <span class='ocr_line' id='line_1_34' title="bbox 135 3812 1163 3908; baseline 0.006 -30"><span class='ocrx_word' id='word_1_239' title='bbox 135 3812 196 3880; x_wconf 91' lang='lat' dir='ltr'><strong>hoc</strong></span> <span class='ocrx_word' id='word_1_240' title='bbox 210 3817 362 3906; x_wconf 85' lang='lat' dir='ltr'><strong>temporis</strong></span> <span class='ocrx_word' id='word_1_241' title='bbox 377 3827 464 3884; x_wconf 87' lang='lat' dir='ltr'><strong>mota</strong></span> <span class='ocrx_word' id='word_1_242' title='bbox 474 3817 576 3886; x_wconf 85' lang='lat' dir='ltr'><strong>&#39;fuerit</strong></span> <span class='ocrx_word' id='word_1_243' title='bbox 592 3816 783 3908; x_wconf 86' lang='lat' dir='ltr'><strong>quaestio,de</strong></span> <span class='ocrx_word' id='word_1_244' title='bbox 800 3821 861 3906; x_wconf 80' lang='lat' dir='ltr'><strong>qud</strong></span> <span class='ocrx_word' id='word_1_245' title='bbox 882 3819 951 3907; x_wconf 90' lang='lat' dir='ltr'><strong>ejus</strong></span> <span class='ocrx_word' id='word_1_246' title='bbox 971 3818 1163 3885; x_wconf 84' lang='lat' dir='ltr'><strong>sententiam</strong></span> 
     </span>
    </p>
   </div>
   <div class='ocr_carea' id='block_1_7' title="bbox 0 0 1495 4592">
    <p class='ocr_par' dir='ltr' id='par_1_10' title="bbox 0 0 1495 4592">
     <span class='ocr_line' id='line_1_35' title="bbox 0 0 1495 4592; baseline 0 0"><span class='ocrx_word' id='word_1_247' title='bbox 0 0 1495 4592; x_wconf 95' lang='lat' dir='ltr'><strong> </strong></span> 
     </span>
    </p>
   </div>
  </div>
 </body>
</html>
