2940 4570
527 391 664 487 (¹5⁵)

76 530 322 600 reformidantes
334 521 458 609 hriani,
469 532 501 597 iu
517 530 636 597 Gallias
650 531 882 597 remittendum
894 535 1108 598 curaverunt,¹

78 634 276 724 Galliasque,
289 650 323 704 ut
334 639 378 703 ait
392 637 626 724 Hieronymus,
642 637 833 704 redeuntem
844 633 1000 700 Hilarium
1012 629 1102 720 quasi

77 739 221 830 pugilem
246 743 287 808 ab
313 747 409 808 areni
436 741 575 809 victoriis
598 741 755 808 illustrem
786 743 858 831 jure
885 737 1103 828 superbientes

78 859 285 936 exceperunt.

125 954 259 1020 Reddite
273 956 413 1042 primhm
428 962 445 1020 a
462 953 591 1020 ‚Iuliano
603 960 746 1042 apostatat
764 953 915 1022 Ecclesiis
928 947 1101 1018 Catholicis

78 1051 1103 1146 libertate,llilariuspluraeelebrnritinterGallinseoneilia,qui·

77 1162 156 1240 bus,
171 1163 329 1230 damnatis
339 1163 592 1228 Ariminensibus
599 1161 919 1251 seleuciensibusque
927 1158 1101 1231 erroribus,

75 1268 212 1356 pristino
226 1269 374 1334 restituta
392 1267 553 1356 splendori
566 1281 656 1334 vetus
671 1267 818 1334 doctrina
838 1265 1020 1355 refulgeret.
1040 1261 1103 1328 llle

76 1374 248 1440 damnatus
278 1387 326 1441 est
342 1399 430 1442 reum
460 1375 632 1452 Saturnino
658 1373 836 1442 Arelatensi
852 1369 1101 1441 Petrocoriemis

77 1479 248 1551 Paternus,
262 1465 538 1574 reconciliatistpue
553 1480 674 1548 ceteris
687 1481 864 1570 Episcopis,
881 1477 1103 1548 confessisunt
1134 1481 1137 1486 '

76 1608 189 1652 omnes
200 1637 209 1664 ,
221 1585 312 1674 juxta
325 1583 453 1674 Sulpitii
466 1585 575 1654 Severi
590 1587 794 1663 sententiam,
810 1609 912 1652 unum
927 1607 995 1652 esse
1010 1579 1103 1648 Hila-

74 1694 181 1770 rium,
195 1693 249 1760 eui
262 1693 389 1758 haeresis
401 1691 532 1759 devietae
548 1705 742 1780 servataeque
755 1692 829 1758 fidei
846 1691 982 1782 gratiam
992 1699 1102 1755 nostra

77 1800 212 1866 deberet
239 1797 351 1864 Gallia.
381 1796 617 1863 confirmandas
632 1799 729 1863 etiam
755 1797 787 1863 in
814 1797 905 1864 ltalia
929 1792 1102 1862 Catholieae

77 1901 232 1970 doctrinm
244 1899 416 1977 sollicitus,
432 1899 542 1990 plures
561 1900 666 1964 inrisit
682 1897 860 1977 Ecclesias,
878 1899 1101 1966 haeretieorum

76 2005 267 2094 exploserus
294 2028 449 2080 errores,
473 2003 584 2092 quod,
608 2015 689 2068 teste
716 2002 858 2082 Rufino,
884 2031 897 2066 a
919 2004 967 2070 vir
987 2004 1102 2068 natura

76 2142 94 2174 s·
121 2111 222 2188 lenis,
238 2108 402 2199 placidus,
428 2106 587 2196 simulque
606 2108 775 2186 eruditus,
799 2121 833 2178 et
849 2109 890 2176 ad
905 2105 1103 2198 persuaden-

78 2247 91 2279 s
123 2216 202 2280 dum
221 2211 498 2280 commodissimus
519 2211 689 2302 diligenter
707 2227 739 2280 et
754 2219 828 2305 aptb
845 2213 1038 2305 procuravit.
1059 2239 1071 2272 s

123 2320 218 2390 Anno
238 2319 302 2398 tet
318 2319 400 2400 exiit¹
417 2318 456 2384 ab
473 2319 667 2406 imperatore
676 2320 901 2389 Valentiniano
914 2322 928 2387 l
941 2319 1102 2395 edietum,

76 2451 144 2518 quo
172 2425 421 2493 Mediolanenses
444 2449 556 2492 omnes
584 2427 777 2496 Auxentium
802 2427 889 2495 velut
915 2429 1103 2516 episcopum

77 2528 200 2597 habere
206 2527 493 2618 compellerentur3
508 2553 604 2620 quem
612 2530 749 2597 Hilarius
758 2531 873 2597 Ariana
886 2531 1003 2596 sentire
1015 2542 1103 2594 ratus
1131 2529 1133 2533 ’

77 2635 189 2702 oblato
211 2635 395 2724 imperatori
421 2634 551 2713 libello,
578 2635 868 2726 blasphematorem
884 2635 1103 2725 impugnavit,

75 2741 387 2830 habitatquspublicd
404 2740 593 2820 collatione,
611 2742 777 2808 Christum
789 2763 857 2808 esse
870 2741 975 2808 Deum
990 2761 1102 2807 verum

77 2847 231 2936 Patrique
257 2839 564 2914 consubstantialem
588 2848 731 2938 profiteri
761 2848 876 2938 coegit.
913 2846 979 2916 Nee
998 2843 1104 2912 minhs

77 2951 172 3018 illum
184 2951 291 3019 animo
304 2977 370 3018 non
382 2965 545 3020 tenentem
563 2953 650 3042 quod
665 2977 721 3020 ore
733 2953 916 3044 proferebat
931 2953 1104 3020 insectatus

78 3058 120 3124 ab
138 3055 281 3124 Ecdesit
303 3057 531 3124 Mediolanensi
546 3057 738 3148 expellitur,
754 3058 967 3150 expulsusque
987 3057 1104 3123 iterbm

77 3163 226 3252 scriptis,
244 3186 428 3260 quemvoee
440 3164 507 3253 jam
518 3162 712 3253 compellare
724 3174 934 3254 nonpoterat,
944 3163 1105 3252 exagitare

77 3293 144 3335 non
163 3267 291 3334 desiuit.
325 3319 329 3326 .

124 3371 251 3452 Quibus
265 3395 324 3460 pro
343 3373 419 3448 lidei
438 3372 623 3442 defensione
642 3371 809 3440 exantlatis
829 3370 1010 3449 laboribus,
1030 3375 1106 3438 ebm

78 3476 164 3544 illata
180 3500 239 3566 per
255 3475 433 3566 longiorem
450 3479 586 3568 pastoris
604 3477 781 3544 absentiam
803 3478 877 3544 ovili
900 3477 1016 3544 damna
1035 3501 1107 3543 res-

77 3585 260 3656 taurasset,
285 3580 529 3648 immaculatum
561 3579 728 3648 laboriosae
744 3580 816 3647 vine
834 3602 964 3648 sursum
992 3585 1104 3648 sanetb
1221 3668 1224 3676 ,

79 3688 315 3758 consummavit
330 3711 415 3754 anno
425 3688 544 3756 Christi
560 3690 635 3756 368.

121 3793 260 3882 Scripsit
288 3804 331 3858 ιθ
347 3793 521 3860 duodecim
545 3794 585 3860 de
603 3791 638 3861 Τ
633 3793 773 3859 riuitate
795 3792 915 3871 tetros,
939 3791 1107 3874 Quintilla«
1216 3871 1225 3898 ἡ

77 3925 175 3978 uum,
198 3910 334 3977 notante
356 3899 572 3990 llieronymo,
595 3900 754 3976 imitatus,
771 3905 837 3968 tbm
854 3900 1054 3972 excellenter
1070 3901 1106 3971 in

1007 4010 1019 4049 l
