2956 4586
767 323 882 412 (tt)

303 489 315 522 ι
345 460 447 528 clavis
458 461 498 526 ub
514 459 574 528 illis
589 461 767 552 affigendus
782 461 993 539 esset,dixit:
1009 459 1113 528 Sinite
1125 483 1177 528 me
1191 461 1255 537 εἷος
1275 457 1330 547 qui

303 595 316 628 s
346 567 432 632 enim
448 555 526 634 mihi
538 567 591 632 det
603 568 708 657 ignem
723 568 809 658 poti,
829 567 919 634 dubit
932 577 965 632 et
977 566 1045 634 sine
1060 573 1164 634 veetrt
1183 563 1332 632 exclusis

303 701 316 734 ι
346 673 495 740 cautione
509 675 679 742 immotum
700 697 781 764 pyro
795 695 995 764 permonere.
1013 670 1064 740 illi
1079 680 1156 763 ergo
1173 697 1237 738 non
1254 673 1330 760 qni-

304 805 317 840 »
347 779 421 844 dem
428 778 525 848 clavis
531 769 732 855 definerunt,
747 779 804 846 sed
816 779 995 869 ligaverunt
1006 801 1091 846 eum.
1102 779 1164 846 Hic
1174 783 1250 845 verb
1262 801 1331 843 ma-

305 913 317 947 »
348 887 442 952 nibus
457 899 530 976 post
545 899 671 975 tergum
681 887 809 976 positis,
834 909 873 953 ac
885 887 1047 954 revinctus
1061 937 1071 964 ,
1083 892 1236 976 tanquem
1247 885 1331 952 aries

304 1018 318 1053 »
349 991 480 1082 insignis
508 998 526 1056 e
549 1015 668 1081 magno
689 1013 786 1081 grego
809 991 850 1058 ed
864 990 1083 1069 oblationem,
1105 991 1331 1058 holocaustum

304 1126 317 1160 s
348 1091 545 1187 acceptabile
558 1097 630 1162 Deo
646 1108 861 1186 praeporetum
879 1143 892 1172 ,
917 1095 1035 1164 coelum
1050 1097 1213 1163 contuitus
1229 1095 1326 1184 dixit:

305 1234 319 1267 s
349 1205 509 1282 Domine,
532 1204 619 1270 Deus
635 1204 857 1294 omnipotens,
876 1206 968 1294 p'oter
987 1202 1097 1270 dilecti
1111 1227 1151 1270 oc
1168 1203 1331 1270 benedicti

305 1343 318 1377 s
348 1313 406 1381 filii
419 1313 467 1380 tui
482 1312 560 1380 Jesu
575 1311 712 1387 Christi,
726 1335 784 1401 per
799 1335 895 1401 quem
911 1321 958 1378 tut
970 1312 1117 1378 notitiam
1129 1313 1326 1402 accepimus,

306 1447 319 1480 s
349 1414 916 1507 Deusdngelorum,etvirtutum,ac
931 1415 1327 1493 universaecrenturae‚to-
1439 1476 1440 1500 ¹

307 1554 319 1588 s
349 1525 477 1614 tiusque
491 1524 649 1613 justorum
665 1522 790 1612 generis
803 1521 858 1610 qui
873 1522 983 1588 vivunt
1000 1523 1032 1588 in
1050 1535 1225 1614 conspectu
1241 1536 1298 1590 tuo
1318 1574 1328 1600 ‚
1440 1536 1442 1612 ζ

307 1660 320 1694 s
351 1630 508 1700 benedico
528 1641 582 1707 te,
597 1627 751 1719 quoniam
771 1650 824 1693 me
835 1625 898 1695 hic
905 1626 961 1720 die
978 1639 1074 1718 etque
1088 1628 1165 1694 hori
1183 1627 1330 1717 dignatus

307 1775 320 1808 s
351 1769 404 1823 es,
429 1755 464 1809 ut
478 1753 604 1834 partem
622 1763 772 1831 caperem
788 1739 822 1806 in
836 1761 973 1806 numero
985 1753 1165 1832 martyrum
1180 1753 1326 1818 tuorum,

308 1881 321 1914 s
351 1852 384 1918 in
403 1849 502 1918 colice
524 1848 643 1916 Christi
666 1848 733 1926 tui,
757 1845 799 1912 od
810 1846 1077 1914 resurrectionem
1093 1848 1167 1913 vitre
1181 1859 1328 1924 aeternae,

235 1939 236 1944 ἵ
309 1986 321 2019 n
353 1957 466 2023 animae
480 1967 513 2021 et
522 1954 679 2043 corporis,
692 1954 725 2018 in
733 1951 975 2041 incorruptione
987 1949 1124 2040 spiritns
1137 1950 1256 2019 Sancti.
1277 1951 1334 2018 ln-

309 2091 322 2123 »
352 2075 402 2128 ter
417 2085 496 2149 quos
512 2060 636 2124 utindm
657 2057 812 2145 suscipiar
822 2055 918 2122 hodie
932 2077 1041 2122 coram
1053 2069 1085 2124 te
1100 2105 1110 2134 ,
1123 2057 1156 2122 in
1172 2055 1330 2124 sacrificio

310 2198 325 2246 n¹
353 2169 463 2258 pingui
478 2179 511 2233 et
526 2177 659 2256 accepto
674 2215 683 2244 ‚
701 2163 974 2253 quemadmodum
984 2166 1188 2255 peperisti,
1207 2177 1239 2230 et
1253 2187 1335 2255 prae-

310 2303 323 2337 »
353 2273 560 2351 monstrasti,
585 2284 619 2338 et
640 2270 827 2361 implevisti,
847 2270 1007 2336 mendacii
1028 2272 1154 2338 nescius
1179 2295 1217 2338 ac
1238 2294 1333 2338 verax

310 2409 323 2442 s
354 2380 450 2447 Deus.
473 2379 677 2470 Quapropter
690 2377 730 2444 de
746 2377 894 2443 omnibus
917 2375 1013 2442 laudo
1029 2389 1079 2454 te,
1102 2377 1259 2444 benedico
1274 2389 1331 2454 te,
1380 2421 1383 2427 -
1452 2437 1453 2460 p

311 2517 324 2550 s
354 2486 498 2578 glorifico
514 2497 568 2564 te,
585 2509 662 2552 cum
677 2483 873 2574 sempiterno
891 2494 924 2548 et
945 2481 1065 2549 coelesti
1088 2481 1167 2548 Jesu
1182 2483 1334 2559 Christo,

311 2623 323 2657 n
347 2592 471 2660 ‘dilecto
486 2603 542 2656 tuo
559 2589 647 2665 filio,
664 2611 739 2656 cum
755 2611 819 2676 quo
835 2587 894 2652 tihi
908 2597 940 2652 et
956 2586 1078 2676 Spiritu
1094 2585 1215 2654 Sancto
1230 2585 1332 2678 gloria

312 2731 325 2763 »
355 2712 387 2767 et
401 2695 489 2765 nunc'
504 2709 537 2764 et
551 2697 584 2764 in
598 2696 706 2763 sutura
723 2693 841 2762 secula.
863 2693 976 2761 Amen.

355 2833 368 2868 s
397 2807 437 2870 Et
459 2805 629 2893 postquem
645 2821 739 2866 nmen
755 2799 931 2876 emisisset,
946 2800 1231 2890 precationemque
1243 2823 1337 2868 com-

312 2942 325 2975 s
355 2907 492 3000 plenem,
509 2907 656 2974 homines
670 2931 726 2972 seu
741 2906 877 2973 ministri
891 2906 998 2996 ignem
1010 2906 1238 2974 accenderunt.
1252 2906 1335 2972 Girnr

195 3023 197 3028 ’
312 3047 326 3080 s
355 3023 431 3083 verb
454 3017 564 3106 ingens
584 3014 713 3080 flemme
737 3016 923 3091 emicitsset,
947 3015 1066 3105 grande
1081 3015 1272 3082 miraculum
1287 3015 1338 3080 vi-

313 3151 326 3184 »
356 3121 461 3186 dimus
476 3171 485 3198 ,
502 3121 617 3211 quibus
633 3131 779 3208 spectare
797 3143 985 3186 concessum
1001 3120 1071 3185 suit.
1148 3121 1232 3209 lgnis
1248 3121 1336 3188 enim

312 3255 326 3292 n
356 3227 486 3294 fornicis
497 3228 636 3317 speciem
647 3227 793 3317 praebens
808 3235 979 3316 ,tanqudm
993 3228 1082 3294 navis
1094 3226 1226 3294 volume
1238 3239 1334 3295 vento

313 3363 325 3396 s
356 3333 517 3423 repletum
531 3347 628 3424 etque
649 3336 830 3412 sinuatum,
855 3325 996 3426 undique
1020 3325 1233 3405 circumdedit
1247 3359 1337 3402 mar-

314 3469 327 3503 »
358 3441 436 3531 tyris
453 3465 593 3532 eorpus,
615 3441 701 3530 quod
717 3440 846 3530 quidem
863 3441 896 3508 in
912 3442 1018 3508 medio
1034 3443 1194 3534 positum,
1218 3465 1284 3510 non
1300 3453 1337 3506 nt

314 3574 327 3608 s
359 3569 434 3612 coro
450 3571 517 3614 asse
533 3547 721 3624 videbatur,
738 3546 795 3611 sed
810 3546 908 3612 veluti
921 3547 1011 3634 panis
1032 3559 1142 3613 coctus
1159 3597 1169 3625 ,
1185 3545 1236 3614 vel
1252 3545 1337 3612 sicut

314 3679 326 3713 s
357 3673 472 3716 nurum
484 3665 516 3718 et
528 3665 697 3742 argentum
710 3653 743 3718 in
755 3651 886 3718 fornace
901 3651 1052 3718 condens.
1072 3651 1208 3718 Tantam
1220 3653 1339 3741 quippe

314 3787 326 3819 n
356 3757 562 3848 fragrantium
583 3759 819 3837 odornbnmus,
841 3783 879 3826 ac
896 3761 922 3826 si
943 3759 1039 3835 thus,
1060 3773 1116 3826 ent
1131 3759 1218 3827 aliud
1234 3759 1340 3848 qnod·
1368 3737 1378 3758 Γ

315 3891 327 3930 n
360 3863 431 3928 dnm
458 3866 671 3954 pretiosorum
700 3879 880 3956 oromatum
902 3862 1042 3933 cluisset,
1071 3865 1216 3933 Tandem
1242 3865 1342 3956 igitur
