2990 4570
527 369 663 456 (2⁵7)
760 441 763 448 .

80 491 137 574 sed
161 507 251 596 juxta
271 505 369 573 ritum
395 504 547 574 Ecclesia
569 503 807 582 Occidentalis,
833 505 1031 574 eoncedente
1046 505 1114 574 vsa

77 614 159 681 lario
174 665 183 692 ,
208 613 300 701 cujus
319 609 527 701 exemplum,
549 613 691 704 primum
706 617 724 678 a
740 611 933 700 quibusdum
948 611 1114 702 improba-

78 736 151 788 tum
162 770 173 798 ‚
186 724 294 786 moxb
309 717 456 808 pluribus
468 716 585 786 Africae
603 718 764 808 episeopis
783 730 982 809 assumptum
993 732 1059 798 est,
1071 720 1115 786 ita

79 841 139 906 ut,
156 850 242 894 auno
258 826 343 915 595,
367 825 517 894 sacerdos
534 825 730 917 Augustinus
746 825 780 890 in
798 824 969 892 universali
987 829 1118 916 provin-

82 936 143 1002 eiae
158 929 298 1001 oonoilio
314 953 423 999 eoram
441 930 591 998 omuibus
607 931 766 1022 episeopis
785 953 967 998 sermonem
987 943 1118 1021 rogatus

83 1040 245 1110 habuerit.
258 1038 367 1120 Quem
382 1039 480 1106 tantis
491 1037 657 1127 plausibus
669 1045 854 1127 suso'eptum
868 1060 910 1104 ns
921 1033 1120 1127 Hipponensi

84 1146 208 1242 populo
227 1143 281 1212 alii
301 1145 511 1235 praeriperent
533 1143 653 1210 veritus
673 1167 741 1212 non
763 1143 926 1210 immeritb
947 1143 1118 1230 Valerius,

83 1259 120 1323 in
147 1250 373 1340 coadjutorem
397 1261 618 1344 assumptum,-
641 1255 659 1315 b
679 1248 1021 1340 negatio-calamensi
1036 1253 1122 1342 opis-

22 1353 23 1357 ’
84 1374 188 1450 copo,
202 1369 236 1423 et
251 1355 408 1423 Numidiae
425 1356 582 1446 primate,
608 1377 693 1422 anuo
710 1355 800 1444 595,
825 1353 1018 1424 Pontificem
1040 1371 1127 1424 eon-‘

50 1519 55 1526 .
87 1464 209 1536 sacrari
220 1462 362 1536 curarit;
385 1459 473 1549 quod
489 1465 573 1550 aegre
588 1483 699 1549 passus
717 1472 766 1528 est
782 1459 1002 1550 Augustinus,
1020 1461 1096 1530 liobt
1113 1503 1123 1540 ,

85 1575 137 1642 uti
151 1575 262 1662 posteb
274 1567 471 1644 declaravit,
495 1566 584 1634 buno
604 1590 730 1632 morem
742 1579 822 1636 tuno
836 1571 993 1658 temporis
1009 1571 1127 1640 Eeole⁴

92 1685 148 1754 siae
160 1679 298 1770 legibus,
310 1688 342 1742 et
352 1675 487 1744 Nioaeuae
496 1675 676 1742 auctoritati
687 1677 885 1742 eontrarium
894 1683 1024 1766 prorsus
1034 1681 1128 1769 igno-

90 1801 191 1858 rarat.

137 1891 422 1976 Quemadmodum
437 1897 514 1958 verb
530 1913 657 1982 paruus
675 1895 750 1981 fons
766 1894 883 1960 erescit
900 1894 940 1958 in
956 1889 1127 1982 fluuium,

89 2014 121 2070 ot
141 2000 183 2062 in
201 2011 305 2083 aquas
327 1995 497 2083 plurimos
515 1993 709 2060 rodurrdans
728 1997 740 2083 (
756 1995 847 2062 Esth.
871 2019 922 2062 ro.
941 1998 996 2085 6.)
1011 2001 1130 2087 germi-
1212 2009 1215 2018 ’

88 2105 226 2170 nantem
249 2101 326 2166 hlno
352 2110 385 2164 et
407 2098 483 2164 indu
505 2105 626 2164 terr'am
648 2099 806 2166 soeeundis
832 2102 923 2190 aquis
943 2101 1065 2179 abluit,
1084 2104 1133 2170 sie

91 2211 170 2285 ille,
196 2230 274 2297 quas
295 2229 336 2272 ex
350 2225 549 2294 paganorum
569 2204 664 2273 simul
688 2218 721 2274 et
740 2229 908 2275 sacrorum
933 2199 1129 2300 scriptorum

92 2317 187 2408 quasi
217 2312 454 2382 oonlluentibus
482 2313 557 2380 rivis
583 2311 686 2380 multo
708 2314 826 2381 sudoro
853 2317 1128 2406 congregaverat,

95 2422 318 2490 Christianum
335 2421 367 2485 in
384 2419 517 2496 orbem,
541 2418 661 2488 ultimis
684 2419 782 2488 etiam
798 2415 983 2512 profuturas
998 2425 1130 2503 seculis,

94 2527 296 2622 profundere
312 2526 410 2616 eoepit
422 2525 558 2592 divitias
572 2527 657 2594 Hinc
678 2527 768 2594 illum
780 2529 906 2596 videres
918 2529 1073 2599 uberibus
1085 2530 1135 2596 la-

96 2632 218 2724 crymis
241 2629 420 2720 praeteritos
448 2629 522 2696 vita
540 2629 657 2719 prioris
680 2653 805 2698 errores
826 2632 861 2698 in
880 2632 1136 2721 Confessionum

98 2741 197 2808 libris
214 2736 410 2810 deflentemr
437 2734 525 2804 illine
543 2759 684 2826 paganos
700 2738 734 2804 in
754 2738 914 2827 stupendo
935 2739 975 2806 de
994 2741 1132 2809 ciuitate

98 2850 165 2915 Dei
180 2869 278 2936 opere
293 2844 431 2934 propriis
447 2844 686 2932 confodientem
705 2845 788 2913 telis.
809 2845 897 2926 Quid
917 2846 1006 2936 qubd
1029 2833 1135 2916 Mani-

98 2949 235 3032 ohaebs,
262 2950 504 3020 priscilianistas
517 2953 738 3044 ‚1Pelagianos
757 2993 767 3031 a
792 2954 978 3022 Donatistae
996 3005 1005 3034 ,
1020 2953 1138 3044 'ipsos-·
1195 3007 1202 3016 .

98 3062 307 3159 quadrianos
321 3060 463 3126 veritatis
472 3059 649 3154 indefessus
660 3071 885 3148 propugnator
896 3049 1060 3128 debellare
1071 3045 1137 3130 nou

96 3169 270 3250 infeliciter
289 3163 476 3256 aggressus,
497 3161 654 3232 unitatem
675 3167 754 3244 Dei,
778 3166 897 3233 Christi
918 3168 1135 3248 divinitatem,

99 3275 323 3346 necessitatem
340 3271 478 3348 Gratia,
495 3270 633 3338 liberum
649 3273 789 3338 bominis
803 3273 994 3351 arbitrium,
1007 3287 1138 3344 astera-

99 3403 164 3470 que
190 3376 342 3445 Ecclesiae
358 3373 523 3442 eatholiore
538 3375 686 3465 dogmata
707 3375 909 3442 validissimis
932 3380 1068 3444 asseruit
1083 3405 1138 3446 ar-

100 3485 273 3578 gumentis.¹
288 3481 466 3550 Monaehoa
475 3481 596 3548 interea
608 3484 737 3550 monitis
747 3497 779 3550 et
790 3482 1135 3573 exemploinformare,

102 3594 242 3683 virgines
265 3592 326 3680 piis
347 3590 852 3668 exhortationibus-oecendere,
880 3592 1026 3658 omnium
1055 3593 1140 3659 fide*

103 3699 185 3767 lium
194 3693 1141 3794 mentesmsditationibusetsoliloquiisadDeumooelestis

105 3818 214 3871 orator
228 3803 401 3868 transferre
415 3841 424 3878 ,·
441 3797 595 3889 plurimas
619 3799 700 3867 datis
720 3799 833 3868 litteris
849 3802 1039 3888 quaestiones
1056 3827 1137 3871 euo-

28 3971 30 4014 ἰ
108 3909 185 3976 dare
200 3959 209 3986 ,
223 3906 401 3974 difficiliora
415 3928 513 3972 saurae
533 3899 707 3995 Scripturas
724 3905 795 3974 loca
818 3905 924 3972 doctis'
939 3923 1140 3978 commenta-

198 4017 441 4096 TomosVnt
549 4056 552 4062 ·
807 4129 811 4137 ,
985 4039 1026 4118 '17
