2942 4568
816 201 950 288 (tto)

369 341 475 410 nullus
501 349 642 434 unquam
669 340 850 432 Theologiae
877 340 1077 408 dialecticam
1106 339 1429 428 scholasticamqua

370 448 578 528 methodum,
599 458 659 539 qut
684 451 824 516 veritatis
846 449 1015 516 adversarii
1037 448 1155 514 invicte
1173 447 1418 536 dejiciuntur,

371 553 485 619 melius
517 553 678 643 adjunxit:
700 553 852 620 abstrusis
864 551 1101 638 subtilibusque
1115 551 1248 640 gaudet
1267 552 1420 638 quaestie

370 660 488 734 nibns3
510 674 771 750 argumentorum
788 673 897 726 tamen
913 660 1044 748 argutiis
1059 659 1188 748 pietatis
1209 681 1350 724 sensus
1367 681 1416 724 nor

286 839 288 844 ,
372 768 577 856 extinguitur.
608 769 645 834 ln
672 768 845 840 moralibus
872 769 1079 834 ita-suaviter
1103 769 1235 832 animos
1267 767 1414 832 docendo

373 887 505 950 movet,
525 889 560 940 ut
579 875 665 941 duris
689 877 786 942 etiam
799 875 953 960 ¹cordibus
969 875 1066 941 divini
1082 876 1203 940 amoris
1219 875 1342 939 ardor
1358 875 1427 963 insi-p

373 973 500 1048 nuetirr.
530 982 692 1073 Simplex,
716 983 836 1060 nitida,
864 985 1055 1071 concisaque
1070 983 1167 1050 dictio
1183 980 1426 1070 Epistolarunl

374 1087 545 1155 lectionem
561 1090 786 1165 commendat;
803 1089 913 1179 paucis
928 1101 1036 1156 antem
1051 1113 1122 1179 quae
1139 1100 1338 1178 supersunt
1353 1052 1426 1152 Gar-l

373 1197 514 1264 minibus
526 1195 670 1262 sublimis
682 1171 903 1286 nonflrguitur
913 1204 1018 1286 potita.

396 1365 398 1370 .
420 1303 549 1382 Quanta
566 1314 672 1368 autem
683 1303 922 1370 existimatione
937 1287 1110 1370 Doctorcin
1125 1303 1296 1373 eximium
1312 1325 1407 1390 prosa

354 1485 358 1494 ²
376 1409 442 1474 cuti
456 1399 574 1474 fuerint
587 1413 656 1474 tdm
669 1408 866 1484 cooevi,tl1m
882 1410 1091 1498 posteriores,
1104 1433 1144 1474 ex
1160 1408 1317 1498 profusis
1332 1407 1407 1472 undi-

377 1521 440 1604 que
455 1513 603 1581 laudibus
618 1515 712 1584 facile
721 1517 968 1584 demonstratur.
981 1515 1204 1584 Siclllatbildis
1212 1515 1407 1606 Angliaelle-

377 1621 450 1708 gina
459 1619 499 1684 ad
507 1618 707 1686 Paschalium
714 1619 835 1710 Papam
843 1621 873 1686 ll
882 1622 1024 1687 scribens
1036 1645 1044 1686 ε
1064 1619 1278 1697 «An'selmus,
1290 1621 1405 1709 inquit,

304 1787 313 1804 ,
378 1755 391 1790 r
424 1711 829 1818 Arcbiepiseopus=nos'ter,
842 1733 917 1795 verb
929 1727 1040 1818 populi
1057 1727 1257 1805 consolator,
1267 1727 1405 1816 pruden

379 1862 392 1896 r
417 1833 562 1915 tissimus
580 1847 677 1922 atque
692 1833 851 1924 piissimus
866 1845 976 1922 pater,
987 1827 1053 1922 'qui
1068 1832 1154 1922 quod
1170 1832 1211 1898 de
1230 1832 1403 1920 opulentis·

379 1971 392 2005 a
424 1943 509 2007 simis
532 1941 661 2009 Domini
684 1943 732 2008 sui
754 1943 929 2019 thesauris,
947 1941 1194 2032 quorum-illum
1211 1940 1403 2030 clavigerum

322 2030 328 2047 <
381 2077 394 2112 a
426 2073 636 2126 noveramus,
651 2050 851 2116 abundanter
862 2051 1026 2127 sumebat,
1043 2050 1076 2115 id
1088 2049 1179 2115 nobis
1192 2049 1402 2116 abundantius

255 2205 289 2250 ἡ,
381 2183 394 2216 a
427 2153 589 2241 erogabat.
610 2154 787 2222 Praesertim
803 2160 878 2223 olam
890 2153 977 2220 idem
988 2154 1090 2221 fidelis
1106 2155 1236 2222 Domini
1248 2155 1398 2228 minister,

268 2341 271 2348 Ι
382 2288 396 2322 u
427 2260 566 2348 prudens
594 2259 816 2350 dispensator,
843 2261 1011 2351 aeroganda
1033 2283 1166 2348 quaeque
1190 2272 1223 2326 et
1246 2263 1397 2352 sapientie

384 2389 397 2425 a
428 2363 546 2429 salsura
563 2363 699 2452 plurimi
715 2376 895 2454 saporaret,
912 2377 945 2429 et
959 2362 1147 2452 eloquentiae
1162 2363 1299 2431 dulcore
1311 2363 1396 2430 molli-

384 2497 397 2530 »
429 2481 497 2545 ret,
514 2481 547 2533 et
562 2468 700 2534 mirabili
727 2467 866 2557 quodam
892 2467 1045 2555 loquendi
1075 2466 1208 2557 lepore,
1234 2470 1392 2542 condiret:

386 2599 399 2633 a
431 2555 530 2637 tiabat
546 2578 621 2638 verb
642 2574 704 2649 sic,
722 2583 757 2638 ut
780 2595 840 2640 nec
860 2571 983 2638 deforet
998 2573 1115 2638 teneris
1131 2559 1261 2661 agnellis
1276 2573 1393 2640 Domini

387 2703 399 2738 >t
428 2674 518 2742 lactis
546 2679 637 2768 copia
657 2673 818 2766 plurima,
839 2700 901 2744 nee
923 2701 1115 2766 pascuorum
1137 2669 1251 2743 ovibus
1276 2681 1390 2744 ubertas

386 2809 398 2844 a
429 2783 609 2861 uberrima,
627 2807 687 2850 nec
704 2783 882 2873 pastoribus
898 2781 1123 2864 alimentorum
1138 2783 1263 2850 satietas
1275 2783 1390 2874 opulen-

385 2915 398 2950 r
428 2888 585 2954 tissima.»

433 2991 513 3070 Quae
528 3005 560 3056 et
575 2992 614 3058 ad
627 2993 730 3081 ipsum
746 2991 932 3059 Anselmum
941 2994 1103 3062 scribens:
1127 2995 1203 3059 «Est
1213 3005 1306 3060 vestri
1316 3018 1385 3084 quae

379 3111 401 3159 u
433 3095 507 3159 dam
523 3107 555 3160 et
571 3095 709 3174 absentis
723 3097 962 3188 qualiscumque
978 3099 1103 3175 revisio,
1120 3111 1152 3164 et
1165 3097 1308 3164 carthulae
1321 3123 1385 3166 con-

389 3234 402 3268 »
434 3217 600 3280 tractatus,
610 3217 641 3270 et
652 3203 764 3270 litterae
776 3205 974 3294 perjucunda
987 3205 1293 3294 saepibsquerseitata
1302 3204 1383 3271 relec-

348 3341 351 3349 ·
387 3339 401 3375 s
434 3313 488 3376 tio.
512 3310 599 3390 Quid
620 3319 757 3399 namque
779 3311 910 3388 vestris«,
933 3310 1090 3387 Domine,
1106 3310 1291 3399 scriptisaut
1314 3309 1381 3398 stylo

322 3487 325 3492 ,
390 3444 403 3479 r
435 3411 576 3483 ornatius
585 3429 640 3482 aut
655 3441 748 3483 sensu
768 3417 937 3484 refertiusi'
951 3416 1021 3483 Non
1038 3415 1091 3493 hic
1107 3415 1379 3480 desuntlrontonica

390 3535 403 3584 t
432 3511 567 3610 gravitas
592 3517 773 3601 Ciceronis,
790 3512 1010 3589 Demosthenis
1032 3535 1065 3586 et
1089 3519 1278 3602 Quintiliani.
1295 3521 1327 3586 ln
1341 3519 1377 3584 bis

389 3656 402 3690 r
434 3633 510 3693 sane
535 3627 677 3695 doctrina
694 3628 823 3716 quidem
835 3627 992 3693 redundat
1003 3625 1091 3691 Pauli
1103 3623 1276 3714 ,diligentia
1287 3624 1376 3689 Hiero-

375 3761 402 3796 ,r
433 3733 531 3811 nimi,
548 3732 727 3800 lucubratio
749 3734 911 3824 Gregorii,
936 3731 1115 3822 explanatio
1136 3730 1310 3820 Augustini,
1330 3741 1371 3802 et,
