<?xml version="1.0" encoding="UTF-8"?>
<!DOCTYPE html PUBLIC "-//W3C//DTD XHTML 1.0 Transitional//EN"
    "http://www.w3.org/TR/xhtml1/DTD/xhtml1-transitional.dtd">
<html xmlns="http://www.w3.org/1999/xhtml" xml:lang="en" lang="en">
 <head>
  <title>
</title>
<meta http-equiv="Content-Type" content="text/html;charset=utf-8" />
  <meta name='ocr-system' content='tesseract 3.04.00' />
  <meta name='ocr-capabilities' content='ocr_page ocr_carea ocr_par ocr_line ocrx_word'/>
</head>
<body>
  <div class='ocr_page' id='page_1' title='image "./rhetoricasancto01cailgoog_0017.png"; bbox 0 0 2956 4586; ppageno 0'>
   <div class='ocr_carea' id='block_1_1' title="bbox 143 403 1391 3886">
    <p class='ocr_par' dir='ltr' id='par_1_1' title="bbox 727 403 821 486">
     <span class='ocr_line' id='line_1_1' title="bbox 727 403 821 486; baseline 0 0"><span class='ocrx_word' id='word_1_1' title='bbox 727 405 740 486; x_wconf 80' lang='lat' dir='ltr'>l</span> <span class='ocrx_word' id='word_1_2' title='bbox 762 403 784 466; x_wconf 79' lang='grc'><strong>6</strong></span> <span class='ocrx_word' id='word_1_3' title='bbox 805 403 821 486; x_wconf 84' lang='lat' dir='ltr'>l</span> 
     </span>
    </p>

    <p class='ocr_par' dir='ltr' id='par_1_2' title="bbox 170 525 1300 3383">
     <span class='ocr_line' id='line_1_2' title="bbox 250 525 1289 640; baseline 0 -31"><span class='ocrx_word' id='word_1_4' title='bbox 250 529 484 640; x_wconf 76' lang='lat' dir='ltr'>quanquam</span> <span class='ocrx_word' id='word_1_5' title='bbox 509 555 583 607; x_wconf 85' lang='lat' dir='ltr'>nee</span> <span class='ocrx_word' id='word_1_6' title='bbox 609 527 676 606; x_wconf 88' lang='lat' dir='ltr'>illa</span> <span class='ocrx_word' id='word_1_7' title='bbox 693 527 778 606; x_wconf 87' lang='lat' dir='ltr'>laus</span> <span class='ocrx_word' id='word_1_8' title='bbox 795 525 978 606; x_wconf 85' lang='lat' dir='ltr'>Patribus</span> <span class='ocrx_word' id='word_1_9' title='bbox 994 525 1180 625; x_wconf 79' lang='lat' dir='ltr'>defiterit,</span> <span class='ocrx_word' id='word_1_10' title='bbox 1201 532 1289 637; x_wconf 92' lang='lat' dir='ltr'>qui,</span> 
     </span>
     <span class='ocr_line' id='line_1_3' title="bbox 250 651 1291 761; baseline -0.002 -27"><span class='ocrx_word' id='word_1_11' title='bbox 250 673 295 734; x_wconf 93' lang='lat' dir='ltr'>ut</span> <span class='ocrx_word' id='word_1_12' title='bbox 304 654 530 761; x_wconf 84' lang='lat' dir='ltr'>inspicienti</span> <span class='ocrx_word' id='word_1_13' title='bbox 546 651 710 730; x_wconf 85' lang='lat' dir='ltr'>cuilibet</span> <span class='ocrx_word' id='word_1_14' title='bbox 723 651 977 750; x_wconf 81' lang='lat' dir='ltr'>Tertulliani,</span> <span class='ocrx_word' id='word_1_15' title='bbox 992 652 1195 756; x_wconf 77' lang='lat' dir='ltr'>OrigeuiS,</span> <span class='ocrx_word' id='word_1_16' title='bbox 1207 656 1291 732; x_wconf 80' lang='lat' dir='ltr'>Au-</span> 
     </span>
     <span class='ocr_line' id='line_1_4' title="bbox 250 775 1291 886; baseline -0.002 -27"><span class='ocrx_word' id='word_1_17' title='bbox 250 780 477 886; x_wconf 86' lang='lat' dir='ltr'>gustinique</span> <span class='ocrx_word' id='word_1_18' title='bbox 499 805 620 885; x_wconf 90' lang='lat' dir='ltr'>opera</span> <span class='ocrx_word' id='word_1_19' title='bbox 635 775 746 856; x_wconf 76' lang='lat' dir='ltr'>facile</span> <span class='ocrx_word' id='word_1_20' title='bbox 763 777 934 883; x_wconf 91' lang='lat' dir='ltr'>patebit,</span> <span class='ocrx_word' id='word_1_21' title='bbox 959 803 1205 882; x_wconf 86' lang='lat' dir='ltr'>paganorum</span> <span class='ocrx_word' id='word_1_22' title='bbox 1229 780 1291 866; x_wconf 90' lang='lat' dir='ltr'>in-</span> 
     </span>
     <span class='ocr_line' id='line_1_5' title="bbox 170 895 1293 997; baseline -0.002 -13"><span class='ocrx_word' id='word_1_23' title='bbox 170 895 199 920; x_wconf 65' lang='grc'><strong><em>”</em></strong></span> <span class='ocrx_word' id='word_1_24' title='bbox 249 905 377 984; x_wconf 84' lang='lat' dir='ltr'>ventis</span> <span class='ocrx_word' id='word_1_25' title='bbox 386 901 438 981; x_wconf 92' lang='lat' dir='ltr'>ab</span> <span class='ocrx_word' id='word_1_26' title='bbox 448 900 615 980; x_wconf 58' lang='lat' dir='ltr'>infanti&amp;</span> <span class='ocrx_word' id='word_1_27' title='bbox 624 901 799 997; x_wconf 90' lang='lat' dir='ltr'>enutriti,</span> <span class='ocrx_word' id='word_1_28' title='bbox 813 898 934 978; x_wconf 80' lang='lat' dir='ltr'>modo</span> <span class='ocrx_word' id='word_1_29' title='bbox 944 899 1045 978; x_wconf 87' lang='lat' dir='ltr'>saeta</span> <span class='ocrx_word' id='word_1_30' title='bbox 1054 899 1105 978; x_wconf 92' lang='lat' dir='ltr'>ab</span> <span class='ocrx_word' id='word_1_31' title='bbox 1117 901 1293 982; x_wconf 91' lang='lat' dir='ltr'>historiis</span> 
     </span>
     <span class='ocr_line' id='line_1_6' title="bbox 251 1022 1293 1136; baseline -0.002 -29"><span class='ocrx_word' id='word_1_32' title='bbox 251 1026 504 1136; x_wconf 89' lang='lat' dir='ltr'>deprompta,</span> <span class='ocrx_word' id='word_1_33' title='bbox 532 1023 653 1103; x_wconf 83' lang='lat' dir='ltr'>modb</span> <span class='ocrx_word' id='word_1_34' title='bbox 673 1052 806 1102; x_wconf 89' lang='lat' dir='ltr'>versus</span> <span class='ocrx_word' id='word_1_35' title='bbox 824 1022 876 1100; x_wconf 90' lang='lat' dir='ltr'>ab</span> <span class='ocrx_word' id='word_1_36' title='bbox 895 1025 1153 1131; x_wconf 88' lang='lat' dir='ltr'>antiquorum</span> <span class='ocrx_word' id='word_1_37' title='bbox 1172 1029 1293 1106; x_wconf 90' lang='lat' dir='ltr'>musis</span> 
     </span>
     <span class='ocr_line' id='line_1_7' title="bbox 251 1148 1292 1260; baseline -0.003 -28"><span class='ocrx_word' id='word_1_38' title='bbox 251 1155 344 1260; x_wconf 75' lang='lat' dir='ltr'>apte</span> <span class='ocrx_word' id='word_1_39' title='bbox 372 1151 654 1248; x_wconf 85' lang='lat' dir='ltr'>concinnatos,</span> <span class='ocrx_word' id='word_1_40' title='bbox 675 1148 795 1228; x_wconf 84' lang='lat' dir='ltr'>modb</span> <span class='ocrx_word' id='word_1_41' title='bbox 824 1151 1038 1228; x_wconf 84' lang='lat' dir='ltr'>sententias</span> <span class='ocrx_word' id='word_1_42' title='bbox 1067 1152 1110 1228; x_wconf 92' lang='lat' dir='ltr'>in</span> <span class='ocrx_word' id='word_1_43' title='bbox 1131 1153 1292 1231; x_wconf 87' lang='lat' dir='ltr'>Portieu</span> 
     </span>
     <span class='ocr_line' id='line_1_8' title="bbox 252 1271 1293 1384; baseline 0 -28"><span class='ocrx_word' id='word_1_44' title='bbox 252 1276 314 1356; x_wconf 83' lang='lat' dir='ltr'>vel</span> <span class='ocrx_word' id='word_1_45' title='bbox 331 1271 550 1356; x_wconf 69' lang='lat' dir='ltr'>Academia</span> <span class='ocrx_word' id='word_1_46' title='bbox 571 1274 924 1384; x_wconf 88' lang='lat' dir='ltr'>prolatassemper</span> <span class='ocrx_word' id='word_1_47' title='bbox 952 1293 992 1353; x_wconf 92' lang='lat' dir='ltr'>et</span> <span class='ocrx_word' id='word_1_48' title='bbox 1016 1274 1168 1382; x_wconf 75' lang='lat' dir='ltr'>ubique</span> <span class='ocrx_word' id='word_1_49' title='bbox 1196 1274 1293 1356; x_wconf 83' lang='lat' dir='ltr'>rele-</span> 
     </span>
     <span class='ocr_line' id='line_1_9' title="bbox 250 1398 1291 1502; baseline 0 -20"><span class='ocrx_word' id='word_1_50' title='bbox 250 1421 364 1502; x_wconf 90' lang='lat' dir='ltr'>runt,</span> <span class='ocrx_word' id='word_1_51' title='bbox 384 1402 571 1482; x_wconf 87' lang='lat' dir='ltr'>falsorum</span> <span class='ocrx_word' id='word_1_52' title='bbox 593 1401 746 1480; x_wconf 87' lang='lat' dir='ltr'>exuviis</span> <span class='ocrx_word' id='word_1_53' title='bbox 773 1398 967 1500; x_wconf 86' lang='lat' dir='ltr'>deorum,</span> <span class='ocrx_word' id='word_1_54' title='bbox 996 1429 1136 1480; x_wconf 90' lang='lat' dir='ltr'>verum</span> <span class='ocrx_word' id='word_1_55' title='bbox 1165 1405 1291 1482; x_wconf 91' lang='lat' dir='ltr'>Deum</span> 
     </span>
     <span class='ocr_line' id='line_1_10' title="bbox 250 1527 1294 1636; baseline 0.001 -29"><span class='ocrx_word' id='word_1_56' title='bbox 250 1556 466 1636; x_wconf 88' lang='lat' dir='ltr'>veramque</span> <span class='ocrx_word' id='word_1_57' title='bbox 484 1527 730 1633; x_wconf 83' lang='lat' dir='ltr'>Religionem</span> <span class='ocrx_word' id='word_1_58' title='bbox 751 1544 990 1606; x_wconf 85' lang='lat' dir='ltr'>exornantes</span> <span class='ocrx_word' id='word_1_59' title='bbox 1013 1558 1021 1606; x_wconf 93' lang='lat'><strong>:</strong></span> <span class='ocrx_word' id='word_1_60' title='bbox 1043 1527 1111 1608; x_wconf 91' lang='lat' dir='ltr'>sed</span> <span class='ocrx_word' id='word_1_61' title='bbox 1127 1527 1218 1608; x_wconf 85' lang='lat' dir='ltr'>ebm</span> <span class='ocrx_word' id='word_1_62' title='bbox 1234 1532 1294 1608; x_wconf 93' lang='lat' dir='ltr'>ni-</span> 
     </span>
     <span class='ocr_line' id='line_1_11' title="bbox 252 1651 1296 1759; baseline 0 -28"><span class='ocrx_word' id='word_1_63' title='bbox 252 1651 469 1732; x_wconf 77' lang='lat' dir='ltr'>hilominus</span> <span class='ocrx_word' id='word_1_64' title='bbox 487 1679 617 1730; x_wconf 79' lang='lat' dir='ltr'>senon</span> <span class='ocrx_word' id='word_1_65' title='bbox 624 1651 894 1758; x_wconf 79' lang='lat' dir='ltr'>judicaverint</span> <span class='ocrx_word' id='word_1_66' title='bbox 910 1652 1008 1728; x_wconf 83' lang='lat' dir='ltr'>scire</span> <span class='ocrx_word' id='word_1_67' title='bbox 1025 1653 1183 1759; x_wconf 84' lang='lat' dir='ltr'>aliquid</span> <span class='ocrx_word' id='word_1_68' title='bbox 1194 1655 1296 1732; x_wconf 85' lang='lat' dir='ltr'>inter</span> 
     </span>
     <span class='ocr_line' id='line_1_12' title="bbox 251 1776 1291 1884; baseline 0.001 -27"><span class='ocrx_word' id='word_1_69' title='bbox 251 1807 345 1874; x_wconf 79' lang='lat' dir='ltr'>nor,</span> <span class='ocrx_word' id='word_1_70' title='bbox 366 1779 442 1856; x_wconf 80' lang='lat' dir='ltr'>nisi</span> <span class='ocrx_word' id='word_1_71' title='bbox 467 1779 600 1855; x_wconf 79' lang='lat' dir='ltr'>Iesum</span> <span class='ocrx_word' id='word_1_72' title='bbox 633 1776 830 1854; x_wconf 68' lang='lat' dir='ltr'>(briscam</span> <span class='ocrx_word' id='word_1_73' title='bbox 853 1795 890 1855; x_wconf 87' lang='lat' dir='ltr'>et</span> <span class='ocrx_word' id='word_1_74' title='bbox 912 1778 1018 1855; x_wconf 77' lang='lat' dir='ltr'>bunc</span> <span class='ocrx_word' id='word_1_75' title='bbox 1039 1780 1291 1884; x_wconf 76' lang='lat' dir='ltr'>eruefirum,</span> 
     </span>
     <span class='ocr_line' id='line_1_13' title="bbox 253 1901 1296 2009; baseline -0.001 -27"><span class='ocrx_word' id='word_1_76' title='bbox 253 1902 343 1982; x_wconf 78' lang='lat' dir='ltr'>oum</span> <span class='ocrx_word' id='word_1_77' title='bbox 367 1930 409 1978; x_wconf 83' lang='lat' dir='ltr'>se</span> <span class='ocrx_word' id='word_1_78' title='bbox 434 1903 542 2007; x_wconf 83' lang='lat' dir='ltr'>loqui</span> <span class='ocrx_word' id='word_1_79' title='bbox 565 1929 644 1977; x_wconf 83' lang='lat' dir='ltr'>non</span> <span class='ocrx_word' id='word_1_80' title='bbox 667 1901 708 1976; x_wconf 86' lang='lat' dir='ltr'>in</span> <span class='ocrx_word' id='word_1_81' title='bbox 736 1901 859 1976; x_wconf 82' lang='lat' dir='ltr'>doctis</span> <span class='ocrx_word' id='word_1_82' title='bbox 882 1901 1068 1978; x_wconf 72' lang='lat' dir='ltr'>humanae</span> <span class='ocrx_word' id='word_1_83' title='bbox 1095 1903 1296 2009; x_wconf 73' lang='lat' dir='ltr'>sapientire</span> 
     </span>
     <span class='ocr_line' id='line_1_14' title="bbox 199 2026 1297 2136; baseline -0.002 -28"><span class='ocrx_word' id='word_1_84' title='bbox 199 2038 202 2044; x_wconf 84' lang='grc'><em>’</em></span> <span class='ocrx_word' id='word_1_85' title='bbox 252 2029 395 2122; x_wconf 67' lang='lat' dir='ltr'>verbu,</span> <span class='ocrx_word' id='word_1_86' title='bbox 418 2053 506 2132; x_wconf 85' lang='lat' dir='ltr'>quae</span> <span class='ocrx_word' id='word_1_87' title='bbox 525 2026 757 2123; x_wconf 75' lang='lat' dir='ltr'>destruitur,</span> <span class='ocrx_word' id='word_1_88' title='bbox 776 2026 848 2103; x_wconf 81' lang='lat' dir='ltr'>sed</span> <span class='ocrx_word' id='word_1_89' title='bbox 864 2027 906 2102; x_wconf 81' lang='lat' dir='ltr'>in</span> <span class='ocrx_word' id='word_1_90' title='bbox 928 2027 1109 2104; x_wconf 71' lang='lat' dir='ltr'>doctrina</span> <span class='ocrx_word' id='word_1_91' title='bbox 1127 2027 1297 2136; x_wconf 75' lang='lat' dir='ltr'>Spiritzis</span> 
     </span>
     <span class='ocr_line' id='line_1_15' title="bbox 251 2149 1300 2262; baseline 0.001 -31"><span class='ocrx_word' id='word_1_92' title='bbox 251 2181 375 2262; x_wconf 81' lang='lat' dir='ltr'>quam</span> <span class='ocrx_word' id='word_1_93' title='bbox 395 2151 583 2230; x_wconf 78' lang='lat' dir='ltr'>animalis</span> <span class='ocrx_word' id='word_1_94' title='bbox 600 2149 715 2227; x_wconf 80' lang='lat' dir='ltr'>homo</span> <span class='ocrx_word' id='word_1_95' title='bbox 731 2177 809 2228; x_wconf 83' lang='lat' dir='ltr'>non</span> <span class='ocrx_word' id='word_1_96' title='bbox 819 2151 1002 2257; x_wconf 78' lang='lat' dir='ltr'>percipit,</span> <span class='ocrx_word' id='word_1_97' title='bbox 1026 2153 1300 2234; x_wconf 75' lang='lat' dir='ltr'>tantummodo</span> 
     </span>
     <span class='ocr_line' id='line_1_16' title="bbox 245 2269 1295 2389; baseline 0 -31"><span class='ocrx_word' id='word_1_98' title='bbox 245 2269 551 2389; x_wconf 81' lang='lat' dir='ltr'>praediearerint</span> <span class='ocrx_word' id='word_1_99' title='bbox 573 2287 598 2376; x_wconf 84' lang='lat'>¹,</span> <span class='ocrx_word' id='word_1_100' title='bbox 615 2278 718 2356; x_wconf 88' lang='lat' dir='ltr'>hane</span> <span class='ocrx_word' id='word_1_101' title='bbox 736 2277 823 2375; x_wconf 84' lang='lat' dir='ltr'>illis,</span> <span class='ocrx_word' id='word_1_102' title='bbox 844 2278 877 2354; x_wconf 93' lang='lat' dir='ltr'>si</span> <span class='ocrx_word' id='word_1_103' title='bbox 896 2276 1035 2385; x_wconf 80' lang='lat' dir='ltr'>placet,</span> <span class='ocrx_word' id='word_1_104' title='bbox 1056 2277 1193 2358; x_wconf 91' lang='lat' dir='ltr'>demus</span> <span class='ocrx_word' id='word_1_105' title='bbox 1210 2280 1295 2385; x_wconf 85' lang='lat' dir='ltr'>glo·</span> 
     </span>
     <span class='ocr_line' id='line_1_17' title="bbox 250 2402 1295 2512; baseline 0 -29"><span class='ocrx_word' id='word_1_106' title='bbox 250 2405 363 2504; x_wconf 87' lang='lat' dir='ltr'>riam,</span> <span class='ocrx_word' id='word_1_107' title='bbox 380 2431 552 2512; x_wconf 90' lang='lat' dir='ltr'>quorum</span> <span class='ocrx_word' id='word_1_108' title='bbox 562 2402 752 2480; x_wconf 83' lang='lat' dir='ltr'>memorio</span> <span class='ocrx_word' id='word_1_109' title='bbox 770 2431 857 2480; x_wconf 85' lang='lat' dir='ltr'>cum</span> <span class='ocrx_word' id='word_1_110' title='bbox 868 2403 1142 2511; x_wconf 64' lang='lat' dir='ltr'>sonituperiffl,</span> <span class='ocrx_word' id='word_1_111' title='bbox 1154 2433 1295 2482; x_wconf 83' lang='lat' dir='ltr'>vanarn</span> 
     </span>
     <span class='ocr_line' id='line_1_18' title="bbox 253 2525 1297 2628; baseline 0 -20"><span class='ocrx_word' id='word_1_112' title='bbox 253 2533 364 2608; x_wconf 86' lang='lat' dir='ltr'>vanis</span> <span class='ocrx_word' id='word_1_113' title='bbox 374 2592 384 2628; x_wconf 97' lang='lat'>,</span> <span class='ocrx_word' id='word_1_114' title='bbox 394 2545 439 2607; x_wconf 90' lang='lat' dir='ltr'>ut</span> <span class='ocrx_word' id='word_1_115' title='bbox 453 2526 578 2607; x_wconf 86' lang='lat' dir='ltr'>oeulis</span> <span class='ocrx_word' id='word_1_116' title='bbox 590 2544 736 2605; x_wconf 86' lang='lat' dir='ltr'>aeterna</span> <span class='ocrx_word' id='word_1_117' title='bbox 746 2525 1065 2606; x_wconf 84' lang='lat' dir='ltr'>desiderantibus</span> <span class='ocrx_word' id='word_1_118' title='bbox 1078 2591 1087 2626; x_wconf 95' lang='lat'>,</span> <span class='ocrx_word' id='word_1_119' title='bbox 1099 2526 1149 2607; x_wconf 88' lang='lat' dir='ltr'>ad</span> <span class='ocrx_word' id='word_1_120' title='bbox 1166 2530 1297 2608; x_wconf 83' lang='lat' dir='ltr'>eoeles-</span> 
     </span>
     <span class='ocr_line' id='line_1_19' title="bbox 251 2643 1299 2760; baseline -0.002 -26"><span class='ocrx_word' id='word_1_121' title='bbox 251 2672 331 2734; x_wconf 88' lang='lat' dir='ltr'>tem</span> <span class='ocrx_word' id='word_1_122' title='bbox 351 2650 602 2732; x_wconf 89' lang='lat' dir='ltr'>attendamus</span> <span class='ocrx_word' id='word_1_123' title='bbox 616 2651 836 2744; x_wconf 86' lang='lat' dir='ltr'>seientiam,</span> <span class='ocrx_word' id='word_1_124' title='bbox 853 2651 935 2758; x_wconf 70' lang='lat' dir='ltr'>qua</span> <span class='ocrx_word' id='word_1_125' title='bbox 948 2651 1066 2730; x_wconf 91' lang='lat' dir='ltr'>nobis</span> <span class='ocrx_word' id='word_1_126' title='bbox 1086 2643 1299 2760; x_wconf 74' lang='lat' dir='ltr'>apertede-</span> 
     </span>
     <span class='ocr_line' id='line_1_20' title="bbox 256 2772 1298 2885; baseline 0 -28"><span class='ocrx_word' id='word_1_127' title='bbox 256 2793 503 2856; x_wconf 88' lang='lat' dir='ltr'>monstratur</span> <span class='ocrx_word' id='word_1_128' title='bbox 517 2773 617 2882; x_wconf 92' lang='lat' dir='ltr'>quid</span> <span class='ocrx_word' id='word_1_129' title='bbox 633 2772 913 2882; x_wconf 84' lang='lat' dir='ltr'>eredere,quid</span> <span class='ocrx_word' id='word_1_130' title='bbox 926 2803 1052 2880; x_wconf 85' lang='lat' dir='ltr'>agere,</span> <span class='ocrx_word' id='word_1_131' title='bbox 1064 2775 1164 2885; x_wconf 91' lang='lat' dir='ltr'>quid</span> <span class='ocrx_word' id='word_1_132' title='bbox 1183 2806 1298 2858; x_wconf 88' lang='lat' dir='ltr'>orare</span> 
     </span>
     <span class='ocr_line' id='line_1_21' title="bbox 256 2896 1299 3000; baseline 0.002 -20"><span class='ocrx_word' id='word_1_133' title='bbox 256 2896 483 2988; x_wconf 80' lang='lat' dir='ltr'>debeamus.</span> <span class='ocrx_word' id='word_1_134' title='bbox 506 2934 524 2974; x_wconf 86' lang='lat'>«</span> <span class='ocrx_word' id='word_1_135' title='bbox 543 2901 729 2991; x_wconf 86' lang='lat' dir='ltr'>Noverim</span> <span class='ocrx_word' id='word_1_136' title='bbox 759 2917 808 2997; x_wconf 90' lang='lat' dir='ltr'>te,</span> <span class='ocrx_word' id='word_1_137' title='bbox 832 2901 1012 2978; x_wconf 87' lang='lat' dir='ltr'>noverim</span> <span class='ocrx_word' id='word_1_138' title='bbox 1032 2929 1110 3000; x_wconf 90' lang='lat' dir='ltr'>me,</span> <span class='ocrx_word' id='word_1_139' title='bbox 1129 2901 1299 2984; x_wconf 85' lang='lat' dir='ltr'>»aiebat</span> 
     </span>
     <span class='ocr_line' id='line_1_22' title="bbox 255 3025 1297 3133; baseline -0.004 -25"><span class='ocrx_word' id='word_1_140' title='bbox 255 3045 414 3108; x_wconf 85' lang='lat' dir='ltr'>sanetus</span> <span class='ocrx_word' id='word_1_141' title='bbox 433 3028 679 3131; x_wconf 83' lang='lat' dir='ltr'>Augustinus</span> <span class='ocrx_word' id='word_1_142' title='bbox 698 3027 826 3104; x_wconf 90' lang='lat' dir='ltr'>Deum</span> <span class='ocrx_word' id='word_1_143' title='bbox 846 3025 1134 3133; x_wconf 80' lang='lat' dir='ltr'>alloquens3-tu</span> <span class='ocrx_word' id='word_1_144' title='bbox 1154 3046 1297 3126; x_wconf 90' lang='lat' dir='ltr'>autem,</span> 
     </span>
     <span class='ocr_line' id='line_1_23' title="bbox 257 3151 1300 3257; baseline 0 -27"><span class='ocrx_word' id='word_1_145' title='bbox 257 3151 528 3250; x_wconf 90' lang='lat' dir='ltr'>oChristiane,</span> <span class='ocrx_word' id='word_1_146' title='bbox 548 3151 580 3229; x_wconf 90' lang='lat' dir='ltr'>si</span> <span class='ocrx_word' id='word_1_147' title='bbox 597 3152 759 3227; x_wconf 88' lang='lat' dir='ltr'>Patrum</span> <span class='ocrx_word' id='word_1_148' title='bbox 775 3177 896 3254; x_wconf 88' lang='lat' dir='ltr'>opera</span> <span class='ocrx_word' id='word_1_149' title='bbox 910 3151 1059 3228; x_wconf 78' lang='lat' dir='ltr'>attente</span> <span class='ocrx_word' id='word_1_150' title='bbox 1069 3151 1300 3257; x_wconf 80' lang='lat' dir='ltr'>&#39;pervolvere</span> 
     </span>
     <span class='ocr_line' id='line_1_24' title="bbox 197 3273 1298 3383; baseline -0.002 -27"><span class='ocrx_word' id='word_1_151' title='bbox 197 3327 199 3332; x_wconf 92' lang='lat'><em>-</em></span> <span class='ocrx_word' id='word_1_152' title='bbox 256 3275 426 3376; x_wconf 85' lang='lat' dir='ltr'>studeas,</span> <span class='ocrx_word' id='word_1_153' title='bbox 439 3275 545 3354; x_wconf 90' lang='lat' dir='ltr'>illius</span> <span class='ocrx_word' id='word_1_154' title='bbox 556 3275 749 3354; x_wconf 90' lang='lat' dir='ltr'>orationis</span> <span class='ocrx_word' id='word_1_155' title='bbox 759 3273 941 3352; x_wconf 84' lang='lat' dir='ltr'>effectum</span> <span class='ocrx_word' id='word_1_156' title='bbox 947 3275 1030 3383; x_wconf 74' lang='lat' dir='ltr'>jam</span> <span class='ocrx_word' id='word_1_157' title='bbox 1041 3293 1298 3356; x_wconf 84' lang='lat' dir='ltr'>assecutuses.</span> 
     </span>
    </p>

    <p class='ocr_par' dir='ltr' id='par_1_3' title="bbox 143 3397 1391 3886">
     <span class='ocr_line' id='line_1_25' title="bbox 311 3397 1300 3508; baseline -0.003 -28"><span class='ocrx_word' id='word_1_158' title='bbox 311 3402 363 3508; x_wconf 85' lang='lat' dir='ltr'>Et</span> <span class='ocrx_word' id='word_1_159' title='bbox 380 3401 485 3480; x_wconf 79' lang='lat' dir='ltr'>certe</span> <span class='ocrx_word' id='word_1_160' title='bbox 497 3401 617 3508; x_wconf 78' lang='lat' dir='ltr'>quarn</span> <span class='ocrx_word' id='word_1_161' title='bbox 638 3397 771 3478; x_wconf 79' lang='lat' dir='ltr'>lueide</span> <span class='ocrx_word' id='word_1_162' title='bbox 790 3399 946 3506; x_wconf 89' lang='lat' dir='ltr'>potenti</span> <span class='ocrx_word' id='word_1_163' title='bbox 962 3399 1123 3478; x_wconf 89' lang='lat' dir='ltr'>illorum</span> <span class='ocrx_word' id='word_1_164' title='bbox 1138 3400 1300 3505; x_wconf 87' lang='lat' dir='ltr'>ingenio</span> 
     </span>
     <span class='ocr_line' id='line_1_26' title="bbox 257 3523 1302 3632; baseline -0.002 -28"><span class='ocrx_word' id='word_1_165' title='bbox 257 3544 341 3604; x_wconf 90' lang='lat' dir='ltr'>tota</span> <span class='ocrx_word' id='word_1_166' title='bbox 355 3527 635 3632; x_wconf 85' lang='lat' dir='ltr'>mysteriorum</span> <span class='ocrx_word' id='word_1_167' title='bbox 650 3523 955 3630; x_wconf 85' lang='lat' dir='ltr'>officiorumque</span> <span class='ocrx_word' id='word_1_168' title='bbox 974 3525 1091 3603; x_wconf 93' lang='lat' dir='ltr'>series</span> <span class='ocrx_word' id='word_1_169' title='bbox 1110 3523 1302 3631; x_wconf 85' lang='lat' dir='ltr'>expandi-</span> 
     </span>
     <span class='ocr_line' id='line_1_27' title="bbox 258 3646 1302 3756; baseline -0.002 -28"><span class='ocrx_word' id='word_1_170' title='bbox 258 3648 341 3729; x_wconf 85' lang='lat' dir='ltr'>tur!</span> <span class='ocrx_word' id='word_1_171' title='bbox 358 3651 413 3728; x_wconf 91' lang='lat' dir='ltr'>Ut</span> <span class='ocrx_word' id='word_1_172' title='bbox 432 3650 521 3728; x_wconf 89' lang='lat' dir='ltr'>illos</span> <span class='ocrx_word' id='word_1_173' title='bbox 539 3647 674 3728; x_wconf 89' lang='lat' dir='ltr'>videre</span> <span class='ocrx_word' id='word_1_174' title='bbox 691 3649 813 3755; x_wconf 85' lang='lat' dir='ltr'>juvat,</span> <span class='ocrx_word' id='word_1_175' title='bbox 838 3646 960 3726; x_wconf 80' lang='lat' dir='ltr'>modo</span> <span class='ocrx_word' id='word_1_176' title='bbox 974 3678 1047 3756; x_wconf 91' lang='lat' dir='ltr'>per</span> <span class='ocrx_word' id='word_1_177' title='bbox 1065 3648 1302 3728; x_wconf 84' lang='lat' dir='ltr'>admirabile</span> 
     </span>
     <span class='ocr_line' id='line_1_28' title="bbox 143 3772 1391 3886; baseline -0.001 -31"><span class='ocrx_word' id='word_1_178' title='bbox 143 3825 145 3832; x_wconf 71' lang='lat'>,</span> <span class='ocrx_word' id='word_1_179' title='bbox 260 3777 382 3856; x_wconf 86' lang='lat' dir='ltr'>creati</span> <span class='ocrx_word' id='word_1_180' title='bbox 406 3775 517 3857; x_wconf 89' lang='lat' dir='ltr'>orbis</span> <span class='ocrx_word' id='word_1_181' title='bbox 540 3774 827 3883; x_wconf 85' lang='lat' dir='ltr'>spectaculum,</span> <span class='ocrx_word' id='word_1_182' title='bbox 848 3777 1038 3884; x_wconf 75' lang='lat' dir='ltr'>tanquam</span> <span class='ocrx_word' id='word_1_183' title='bbox 1066 3803 1137 3884; x_wconf 90' lang='lat' dir='ltr'>per</span> <span class='ocrx_word' id='word_1_184' title='bbox 1155 3772 1302 3881; x_wconf 82' lang='lat' dir='ltr'>gradus</span> <span class='ocrx_word' id='word_1_185' title='bbox 1388 3877 1391 3886; x_wconf 90' lang='lat'>.</span> 
     </span>
    </p>
   </div>
   <div class='ocr_carea' id='block_1_2' title="bbox 297 3953 868 4024">
    <p class='ocr_par' dir='ltr' id='par_1_4' title="bbox 297 3953 868 4024">
     <span class='ocr_line' id='line_1_29' title="bbox 297 3953 868 4024; baseline -0.007 -14"><span class='ocrx_word' id='word_1_186' title='bbox 297 3965 305 3994; x_wconf 92' lang='lat'>¹</span> <span class='ocrx_word' id='word_1_187' title='bbox 322 3959 333 4010; x_wconf 84' lang='lat'>&#39;1</span> <span class='ocrx_word' id='word_1_188' title='bbox 349 3958 405 4009; x_wconf 81' lang='lat' dir='ltr'>Gor.</span> <span class='ocrx_word' id='word_1_189' title='bbox 418 3973 447 4024; x_wconf 85' lang='lat' dir='ltr'>n,</span> <span class='ocrx_word' id='word_1_190' title='bbox 460 3969 487 4022; x_wconf 82' lang='lat'>2,</span> <span class='ocrx_word' id='word_1_191' title='bbox 501 3955 529 4024; x_wconf 80' lang='lat'>6,</span> <span class='ocrx_word' id='word_1_192' title='bbox 543 3955 584 4024; x_wconf 76' lang='lat'>13,</span> <span class='ocrx_word' id='word_1_193' title='bbox 599 3953 639 4021; x_wconf 76' lang='lat' dir='ltr'>tl.</span> <span class='ocrx_word' id='word_1_194' title='bbox 653 3963 710 3996; x_wconf 63' lang='grc' dir='ltr'>-ἱ</span> <span class='ocrx_word' id='word_1_195' title='bbox 724 3953 785 4008; x_wconf 84' lang='lat' dir='ltr'>Psal.</span> <span class='ocrx_word' id='word_1_196' title='bbox 799 3970 833 4020; x_wconf 83' lang='lat' dir='ltr'>u,</span> <span class='ocrx_word' id='word_1_197' title='bbox 843 3953 868 4006; x_wconf 81' lang='lat'>8.</span> 
     </span>
    </p>
   </div>
   <div class='ocr_carea' id='block_1_3' title="bbox 0 0 1488 4580">
    <p class='ocr_par' dir='ltr' id='par_1_5' title="bbox 0 0 1488 4580">
     <span class='ocr_line' id='line_1_30' title="bbox 0 0 1488 4580; baseline 0 0"><span class='ocrx_word' id='word_1_198' title='bbox 0 0 1488 4580; x_wconf 95' lang='lat' dir='ltr'> </span> 
     </span>
    </p>
   </div>
  </div>
 </body>
</html>
