2956 4586
788 285 863 370 ll⁰
887 281 899 370 l

327 452 340 486 ι
370 422 530 514 Apostolis
552 424 722 498 edoctum,
741 433 775 488 et
796 429 1022 490 conversatum
1040 439 1115 485 curn
1131 414 1240 484 multis
1256 439 1296 480 ex
1313 415 1355 480 iis

324 555 337 590 s
368 553 423 618 qur
415 529 612 596 Dominum
623 539 770 594 nostrum
780 525 949 598 viderunt
961 521 1017 588 sed
1029 521 1127 588 etiam
1139 521 1179 586 ab
1189 518 1356 610 Apostolus

325 635 403 698 »in
425 633 522 712 Asia,
543 635 576 700 in
599 635 636 698 ed
653 655 723 721 qum
742 643 790 698 est
810 630 956 732 Smyrnis
972 626 1113 695 Ecclesid
1136 627 1354 696 constitutum

325 769 337 802 s
368 740 463 806 luisse
483 741 689 830 episcopum,
710 761 764 825 qm
755 730 890 803 docuit
906 757 1032 824 semper
1049 757 1119 823 quae
1135 733 1174 798 ab
1187 731 1355 823 Apostolis

324 874 338 906 s
369 844 546 922 didicerat,
563 867 634 932 qnae
652 856 685 910 et
704 841 845 910 Ecclesia
860 839 1009 916 tradidit,
1024 851 1058 904 et
1076 838 1141 904 sola
1155 853 1228 906 sunt
1250 863 1351 914 vera;

326 977 339 1012 s
370 961 402 1014 et
417 948 634 1014 testimonium
649 946 699 1014 bis
715 944 886 1036 perhibent
897 966 967 1033 quae
979 954 1054 1009 sunt
1068 943 1102 1008 in
1114 941 1188 1010 Asis
1200 942 1355 1009 Ecclesiae

328 1079 341 1116 ι
372 1076 504 1130 omnes,
524 1063 557 1118 et
576 1053 631 1142 qui
647 1058 747 1141 usque
769 1049 876 1118 adbuc
892 1061 1115 1118 successerunt
1129 1047 1347 1139 Polycarpo.»
1453 1075 1455 1106 ι

327 1159 494 1245 (Aduers.
516 1159 625 1225 lroercs.
647 1158 704 1224 tit.
725 1159 754 1224 ὅ.
775 1181 801 1223 c.
820 1159 886 1246 5.).

370 1264 476 1332 Tertia
491 1270 581 1342 verb,
597 1261 861 1360 qubdepistolam
875 1261 915 1328 ad
925 1259 1144 1352 Philippenses
1155 1261 1264 1351 etipse
1277 1262 1358 1328 scri·
1453 1243 1455 1270 ¹

324 1373 442 1462 poerit,
457 1371 497 1438 de
517 1377 580 1462 qud
593 1371 626 1438 S.
645 1371 807 1438 lrenaeus:
831 1382 906 1436 «est
924 1380 1031 1436 autom
1053 1381 1086 1435 et
1101 1367 1234 1458 epistola
1255 1365 1355 1456 Poly-

247 1463 251 1482 '
326 1507 339 1540 s
370 1478 459 1567 carpi
473 1477 514 1543 ad
533 1476 751 1567 Philippenses
765 1475 884 1565 scripta
900 1473 1151 1564 perfectissime,
1167 1497 1207 1539 ex
1218 1477 1282 1561 qud
1298 1495 1356 1537 cn-

326 1611 340 1644 »
370 1594 528 1652 racterem
554 1582 630 1650 fidei
653 1583 740 1672 ojus,
765 1595 798 1650 ct
826 1581 1088 1671 predicationem
1112 1579 1275 1655 veritatis,
1299 1577 1356 1668 qui
1455 1597 1456 1604 ¹

328 1717 341 1749 s
372 1687 500 1764 volunt.
515 1701 547 1758 et
562 1713 675 1758 curam
689 1689 811 1756 babent
822 1712 887 1756 sum
902 1686 1028 1765 salutis,
1041 1699 1175 1777 possunt
1194 1685 1350 1752 discere.»

332 1795 410 1882 (Id.
426 1797 527 1887 ibid.)
544 1797 645 1889 Cujus
662 1797 828 1865 sententiae
847 1798 1025 1864 assentiunt
1048 1809 1081 1863 et
1102 1795 1277 1872 Eusebius,
1302 1796 1357 1884 qui

327 1900 455 1989 propria
469 1900 506 1966 Β.
517 1899 863 1977 lrenaeiverbnretulit,
878 1901 980 1988 (Hirr.
994 1897 1270 1987 lib.4.c.14)etB.
1282 1899 1358 1966 Hie-

328 2030 483 2096 ronymus
505 2009 560 2099 qui
584 2011 627 2076 iro
651 2009 819 2076 decadem
835 2006 967 2097 epistolii
985 2006 1128 2098 loquitur
1154 2029 1162 2072 :
1195 2032 1207 2068 ι
1229 2007 1358 2098 scripsit

329 2139 342 2172 ι
374 2112 416 2177 ad
445 2113 663 2204 Philippenses
689 2114 780 2181 valde
799 2113 911 2182 utilem
939 2112 1106 2204 epistolam
1126 2165 1135 2191 ,
1158 2136 1228 2204 quae
1254 2117 1358 2201 nsqub

331 2244 345 2278 s
377 2215 474 2284 hodie
488 2217 521 2284 in
537 2217 619 2286 Asiae
631 2232 792 2286 conventu
807 2218 958 2309 legitur.»
972 2218 1042 2305 (De
1057 2218 1181 2308 Seript.
1204 2217 1311 2304 Eccl.)
1455 2233 1456 2236 ’

375 2320 497 2408 Quarta
521 2330 617 2412 porrb
632 2374 641 2401 ,
655 2323 743 2413 qubd
758 2323 895 2390 Romam
910 2323 1081 2390 deveniens
1100 2321 1141 2388 do
1159 2319 1355 2388 celebrando

330 2423 485 2494 Pascbate
496 2451 571 2494 cnm
588 2429 621 2495 S.
637 2425 773 2496 Aniceto
786 2451 970 2496 sermonem
986 2426 1178 2502 contulerit,
1192 2428 1234 2495 ita
1247 2439 1355 2494 tamon
1450 2486 1452 2493 .

329 2541 365 2596 ut
395 2534 613 2624 unnsquisque
640 2535 674 2600 in
699 2539 756 2602 sual
786 2532 1018 2602 consuetudine
1046 2544 1260 2622 permaneret.
1294 2533 1356 2602 Hic

328 2643 494 2712 inventum
521 2643 717 2712 Marcionem
743 2695 752 2720 ‚
786 2645 841 2731 qui
871 2643 911 2712 ab
950 2643 1019 2732 ipso
1051 2642 1216 2732 qnaerebat
1248 2647 1359 2712 utrum

330 2759 518 2838 agnosceret
539 2772 636 2826 eum,
661 2749 779 2837 repulit
797 2747 845 2820 his
860 2748 964 2814 verbis
986 2748 1163 2838 :Agnosco
1179 2763 1209 2814 to
1228 2748 1360 2835 primo-
1454 2753 1455 2758 ’

330 2854 479 2944 genitum
497 2867 633 2920 satonae.
666 2849 1001 2940 Hic‚cl1m.aliquid
1027 2850 1178 2918 Ecclesiae
1203 2850 1359 2916 doctrinae

331 2959 527 3026 contrarium
555 2959 696 3036 audiret,
714 2957 892 3026 exclamare
905 2955 1046 3022 solebat:
1065 2955 1266 3030 Bearbaes,
1286 2977 1360 3041 quae

330 3086 383 3128 mc
411 3066 449 3148 in
476 3080 624 3153 tempora
645 3064 848 3130 reservasti!
867 3061 1012 3147 (Euseb..
1028 3061 1083 3126 lib.
1105 3063 1135 3126 5.
1152 3083 1181 3126 c.
1203 3062 1277 3148 uo.)
1297 3059 1359 3126 Hic

330 3165 449 3236 multos
465 3173 482 3236 b
496 3167 666 3236 Valentino
679 3167 829 3257 deceptos
845 3165 970 3234 reduxit
987 3166 1026 3234 ad
1042 3167 1227 3246 veritatem,
1244 3162 1359 3234 Eccle-

332 3272 447 3361 siaeque
463 3272 611 3340 restituit.

377 3379 532 3462 Quintam
554 3373 713 3468 denique,
731 3384 793 3468 qud
819 3381 982 3471 precipue
1008 3378 1160 3448 inclaruit
1177 3401 1309 3446 oausam
1325 3376 1359 3444 in
1390 3461 1393 3466 Ι

328 3485 484 3576 martyrio
502 3487 699 3574 reperimus,
723 3486 810 3575 quod
826 3488 859 3553 in
881 3488 954 3577 igne
977 3486 1105 3552 fortiter
1124 3485 1217 3559 tulit,
1236 3509 1287 3552 an.
1316 3484 1353 3550 C.

334 3593 405 3678 169.
425 3592 473 3658 ltb
499 3598 575 3658 verb
599 3591 727 3660 beatam
743 3594 813 3682 ejus
831 3605 971 3660 mortem
985 3593 1128 3660 referunt
1145 3592 1357 3682 Smyrnenses

330 3697 499 3766 incelebri
526 3699 700 3789 illaquam
725 3705 763 3766 eal
790 3700 831 3788 de
847 3725 881 3766 re
908 3701 1108 3792 scripserunt
1123 3701 1165 3768 ad
1194 3698 1359 3767 Philadel-

327 3803 476 3895 phieuses
488 3804 639 3895 epistola:
662 3834 675 3868 r
687 3806 753 3873 Sub
763 3806 980 3898 vespertinum
993 3819 1118 3896 tempus
1132 3805 1357 3895 supervenien-
