3002 4572
783 307 921 399 (514)

311 517 314 526 ,
367 445 530 514 Erarieua
544 445 658 514 eodem
671 465 755 516 anuo
766 454 799 514 ot
810 459 943 538 apparet
957 461 991 516 et
1005 449 1175 516 evanescit.

368 550 500 628 Totila,
522 551 577 640 qui
597 564 630 618 et
646 551 826 628 Boduillo,
845 553 878 619 iu
897 551 1012 620 solium
1032 549 1215 628 extollitur,
1231 563 1344 618 contra
1471 596 1472 650 ᾗ

322 654 539 722 lastinianum
566 655 688 723 bellum
709 657 864 724 acerrime
885 659 989 748 gerit,
1015 657 1139 726 duabus
1164 654 1346 726 inclarescit
1472 682 1473 694 ¹

322 761 483 838 victoriis,
500 774 696 852 captamque
710 761 846 830 Romam
863 761 1016 830 militibus
1033 762 1221 830 vastandam
1234 761 1342 828 tradit.

321 866 433 934 Victus
455 873 473 932 a
497 865 667 945 Bolisario,
685 869 766 936 urbe
788 866 903 936 cedere
922 869 1064 958 cogiturr
1085 868 1154 947 sed,
1175 867 1231 936 illo
1254 889 1346 938 rece-

323 971 432 1050 dente,
445 947 581 1042 llomam
598 975 716 1042 iterum
732 987 869 1066 occupat
878 1025 887 1055 ,
903 991 1102 1065 regnumque
1119 973 1272 1063 usquead
1289 997 1347 1040 an-

323 1098 401 1146 num
419 1083 480 1148 555
500 1082 674 1172 protendit.

367 1186 513 1276 Denique
524 1201 596 1278 post
615 1189 734 1278 Totam
747 1187 896 1262 ultimum
911 1187 1011 1256 ltaliae
1026 1210 1135 1278 regem
1145 1186 1217 1276 ,qui
1232 1185 1347 1252 eodem

323 1315 408 1357 auno
423 1293 489 1382 jam
506 1306 696 1370 evanuerat,
714 1293 835 1361 Narra
861 1292 1030 1360 lustiniaui
1048 1291 1186 1358 militurn
1205 1291 1239 1358 iu
1255 1289 1348 1358 ltalia

322 1396 513 1475 Profectus,
527 1418 586 1488 per
600 1401 645 1478 ‚15
656 1415 756 1478 annos
770 1397 868 1464 ltaliae
884 1415 935 1466 res
949 1398 1209 1475 administrarat
1223 1396 1347 1486 primus
1465 1403 1481 1426 “’

323 1501 520 1569 Exarehatus
531 1503 747 1570 Ravennensis
763 1491 911 1571 conditor
925 1504 1041 1572 existit„
1057 1511 1059 1516 ’

368 1608 533 1675 annonae
543 1608 720 1686 Alteram,
731 1607 1019 1698 Langobardorum
1031 1608 1108 1686 dux,
1116 1605 1214 1677 ltaliae
1222 1618 1348 1697 partem

323 1713 463 1804 invadit,
480 1737 664 1805 novumque
675 1727 764 1784 creat
783 1716 972 1806 imperium,
986 1713 1272 1806 Langobardorum
1288 1735 1350 1778 no-

323 1823 410 1888 mine
422 1822 555 1892 dictum.

524 2023 910 2094 noncoannnonuu
933 2021 1153 2094 curamur.
1232 1979 1235 1998 ‘'

368 2239 534 2306 Alboiaua
560 2240 599 2306 ab
623 2263 708 2307 anno
733 2241 796 2306 558
819 2243 920 2330 utque
944 2241 985 2307 ad
1006 2264 1127 2308 annum
1154 2241 1218 2328 575
1241 2263 1352 2324 rerum

327 2352 450 2412 summa
465 2337 599 2437 potitur,
612 2358 810 2436 necaturque
826 2347 865 2413 ab
879 2347 1046 2440 Helmige‚
1058 2348 1112 2436 qui
1128 2347 1199 2437 ejus
1214 2366 1349 2416 uxorem

282 2503 284 2515 .
327 2476 436 2520 amore
451 2455 714 2545 prosequebatur.

249 2563 252 2568 '
373 2558 495 2648 Glapho
509 2561 578 2650 ejus
589 2561 673 2628 vices
689 2562 839 2650 suscipit,
855 2583 1003 2650 annoque
1021 2562 1084 2648 575
1101 2573 1247 2629 necatur.
1322 2547 1326 2554 ⁴

264 2733 266 2740 χ
372 2661 430 2728 lllo
451 2662 623 2740 defuncto,
640 2663 843 2756 Langobardi
859 2683 917 2755 per
937 2686 974 2730 ro
990 2672 1117 2753 annone
1140 2665 1269 2756 triginta
1287 2663 1350 2730 du-

328 2771 662 2862 cibusgubernantur.
991 2779 993 2786 ’

372 2873 538 2943 Aetheris
565 2878 649 2968 regis
675 2901 793 2944 nomen
818 2875 1003 2945 inusitatum
1025 2875 1080 2943 diu
1103 2878 1163 2944 sibi
1179 2898 1264 2942 anno
1288 2872 1353 2957 584
1443 2877 1448 2882 “

328 2982 445 3048 iterum
457 2979 598 3050 vindicat
610 3033 618 3059 ,
632 2995 664 3048 et
677 2995 840 3073 sceptrum
852 2990 951 3073 usque
964 2981 1005 3048 ad
1019 3005 1139 3050 annum
1156 2983 1220 3070 59⁰
1239 2981 1353 3050 moda·
1374 3066 1377 3070 ¹

330 3099 439 3165 ratur,
453 3113 516 3176 quo
529 3109 652 3155 veneno
665 3087 846 3156 conficitur.

372 3189 545 3283 Agilulfus
558 3205 659 3260 totam
671 3189 816 3270 Italiam,
833 3198 964 3282 exceptat
975 3189 1126 3260 Ravenna
1139 3241 1148 3268 ,
1167 3191 1264 3259 armis
1279 3193 1355 3259 sub·

329 3295 418 3386 jicit,
434 3293 645 3388 pluribusque
662 3295 823 3387 sequentis
836 3295 934 3364 seculi
954 3295 1043 3364 aunis
1056 3297 1232 3384 incoeptum
1248 3295 1356 3364 conti-

248 3487 251 3494 1
285 3467 299 3488 s
331 3405 605 3500 nuatimperium.

626 3625 805 3694 nacnuu
830 3623 1057 3694 clancula.
1146 3589 1150 3628 ³

376 3843 568 4000 Ctopvaeas
578 3845 605 3924 l,
616 3845 822 3914 christianam
831 3843 1031 3936 Religionem
1043 3843 1079 3912 S.
1087 3840 1360 3934 Clotildispreci-
