2956 4586
809 365 922 452 (²8)

345 499 396 588 pla
413 525 538 593 semper
560 511 633 569 ante
657 504 769 572 oculos
790 505 989 572 obvolvebat.
1008 505 1124 570 Exorta
1147 501 1233 592 apud
1256 501 1381 568 Corin-

345 607 428 673 thios
440 609 525 696 gravi
542 608 757 687 dissensione,
774 608 934 676 celebrem
949 607 1036 675 illam
1048 609 1176 698 scripsit
1187 605 1377 696 epistolem,

345 733 414 797 quae
432 709 498 778 sola
521 725 626 802 potest
646 715 784 804 genuina
801 715 960 802 reputari,
988 717 1114 802 queque
1135 711 1226 778 malis
1244 709 1382 778 invidiae
1468 784 1469 789 ἵ

277 851 280 860 ·
345 815 511 884 effectibus
523 820 672 909 expositis
685 871 694 898 ,
709 819 926 886 discordantes
938 819 979 885 ad
993 841 1108 908 pacem
1119 815 1212 884 simul
1224 829 1256 882 et
1267 817 1379 906 preni-

346 923 491 1000 tentiam,
505 926 674 1016 proposita
685 923 806 994 ooelesti
819 925 932 1015 glorie,
945 923 1142 990 exhortetur.
1159 921 1308 990 Secunda
1322 945 1365 986 su
1379 957 1382 963 ·

344 1043 450 1118 penest
466 1031 500 1098 S.
521 1030 694 1099 Clementis
709 1031 861 1121 epistola,
885 1033 926 1102 de
941 1019 1037 1120 ¹cujus
1056 1031 1188 1098 veritate
1206 1053 1271 1096 nou
1294 1030 1377 1095 satis
1461 1041 1470 1112 ,t

345 1149 487 1214 constat,
514 1151 547 1204 et
572 1161 641 1227 quae
664 1145 682 1204 b
704 1137 812 1204 multis
829 1138 948 1206 Sancto
965 1136 1112 1204 Pontifici
1127 1137 1259 1216 minime
1275 1135 1379 1224 adju·
1469 1167 1470 1230 f

345 1241 479 1308 dicatur.
504 1269 516 1302 a
539 1243 617 1332 Ejus
640 1255 774 1320 autem,
798 1255 834 1308 ut
861 1245 905 1308 ait
927 1238 1081 1318 Photiu's,
1113 1239 1248 1330 simplex
1269 1240 1378 1306 oratio
1469 1231 1470 1254 ,

345 1379 358 1412 s
388 1361 436 1415 est
448 1373 486 1416 ac
500 1352 670 1440 perspicua
685 1402 694 1427 ,
708 1351 749 1416 ed
765 1349 1014 1420 ecclesiasticam
1026 1363 1059 1416 et
1070 1349 1304 1416 inelaboratum
1321 1371 1376 1416 ac-

319 1483 360 1523 .»
392 1455 510 1521 cedens
526 1455 653 1522 dicendi
668 1457 816 1522 formam.
833 1456 869 1544 r(
884 1456 965 1522 cort.
989 1457 1079 1544 121.)

391 1559 618 1628 Pontificatum
633 1583 692 1650 per
708 1585 824 1628 novem
841 1586 940 1626 annos
952 1562 1138 1650 produxisse
1152 1561 1279 1628 videtur
1285 1587 1296 1636 ς
1313 1585 1376 1628 nee

346 1689 408 1760 que
423 1677 531 1730 autern
544 1678 669 1732 certum
685 1677 733 1730 est
744 1664 836 1730 illum
848 1670 867 1730 b
878 1665 940 1731 vita
958 1665 1129 1756 migrdsse,
1146 1671 1222 1732 oiim
1240 1666 1311 1754 ejus
1326 1666 1373 1731 ri·

346 1792 398 1836 ces
411 1771 551 1859 suscepit
563 1771 599 1836 B.
621 1769 740 1836 Cletus.
757 1769 873 1836 Fertur
884 1769 988 1848 enim,
1001 1771 1058 1837 sed
1070 1793 1137 1836 non
1149 1761 1372 1860 probabiliter,

345 1874 436 1942 illum
453 1876 580 1944 dimissa
595 1877 719 1955 libere,
745 1877 787 1944 ad
808 1878 974 1944 vitandum
997 1879 1139 1946 schisma.
1156 1929 1165 1956 ,
1196 1877 1373 1969 pontificali

347 1980 499 2070 dignitate
514 2032 523 2059 ,
540 2006 605 2047 non
622 1983 683 2048 nisi
698 1985 808 2070 postca
824 1980 910 2047 diem
926 1981 1043 2048 obiisse
1058 2005 1244 2072 supremum
1259 2033 1269 2060 ,
1282 1983 1367 2050 circe

347 2110 399 2150 an.
419 2087 538 2152 Christi
561 2111 629 2152 roo.
651 2086 739 2152 Inter
755 2084 980 2152 celeberrimos
996 2099 1154 2177 martyres
1170 2102 1369 2166 recensetur,

348 2205 555 2280 veterumque
566 2190 713 2256 laudibus
725 2203 895 2256 exornatus
908 2203 966 2256 est.
986 2189 1127 2258 Auctore
1138 2194 1225 2260 enim
1238 2193 1372 2272 Irenaeo,
1467 2213 1468 2274 t

345 2297 590 2385 potentissimas
606 2291 791 2359 Corinthiis
805 2294 961 2383 epictetus
981 2296 1128 2385 scripsit3
1151 2296 1241 2386 (odo.
1261 2296 1371 2362 boercs.

349 2403 405 2469 tit.
434 2404 465 2469 5.
492 2428 519 2468 o.
549 2401 604 2486 5.)
633 2400 771 2468 Eusebio
792 2412 894 2476 teste,
917 2403 1089 2490 epistotam
1111 2404 1157 2468 ad
1185 2403 1376 2470 Corinthios
1469 2467 1470 2482 ,

347 2511 441 2576 misit
470 2509 512 2575 ab
534 2507 689 2574 omnibns
713 2529 781 2572 ono
809 2529 966 2573 consensu
995 2523 1184 2597 receptam,
1214 2509 1376 2576 onimium

346 2617 482 2705 prorsbs
498 2629 596 2700 atquo
608 2611 820 2686 mirabilem,
846 2635 946 2698 quom
966 2617 1121 2700 perpetuo
1136 2613 1274 2705 tegentes
1292 2615 1377 2704 opti-

349 2713 594 2809 misproeecptis
609 2740 649 2782 ac
669 2715 871 2781 documentis
888 2715 1073 2780 abundant.
1093 2716 1199 2804 (Hist.
1218 2716 1274 2783 lib.
1293 2719 1324 2783 5.
1343 2711 1372 2786 c.

235 2843 239 2854 '
355 2828 405 2893 16.
424 2837 456 2892 et
476 2823 531 2890 lib.
558 2826 590 2904 4.
610 2847 639 2889 e.
661 2821 737 2909 25.)
755 2821 950 2910 Hieronymo
968 2821 1076 2910 judice
1097 2845 1135 2888 ex
1150 2829 1285 2912 personb
1309 2825 1374 2892 Ro-

350 2961 453 3005 manae
465 2933 615 3003 Ecclesiae
630 2933 744 3000 direxit
757 2934 802 2998 ad
819 2933 1001 3014 Ecclesiam
1019 2932 1274 3000 Corinthiorum
1283 2935 1380 3001 oaldi
1467 3013 1468 3016 Ἴ

352 3045 466 3110 utitem
481 3041 674 3131 epistolam,
691 3062 763 3127 qnoe
774 3048 807 3104 'et
821 3040 861 3103 in
875 3039 1047 3105 nonnullis
1062 3039 1140 3106 loeis
1154 3040 1285 3129 publicet
1303 3041 1378 3131 tegi·
1467 3039 1468 3072 ;

353 3168 407 3218 tur
418 3204 427 3230 ,
439 3153 634 3236 videturque
646 3147 808 3214 caracteri
818 3147 959 3236 epistolae
973 3170 1047 3234 quae
1060 3147 1119 3213 sub
1132 3147 1233 3213 Paos
1244 3148 1378 3213 nomino

352 3259 397 3325 ad
421 3255 587 3326 Haebraeos
610 3255 717 3342 fertur
736 3253 929 3329 convenire,
954 3251 1010 3316 sed
1031 3267 1062 3318 ct
1075 3251 1191 3318 multis
1213 3253 1253 3317 ds
1266 3251 1378 3317 eddom

352 3363 488 3452 epistolii
502 3385 572 3426 non
588 3361 695 3426 sotim
711 3357 878 3433 censibus,
895 3357 1381 3445 sodjuntdncrbornmpnoqnt

353 3470 506 3535 ordinem
516 3466 687 3533 abutitur:
701 3464 839 3530 omnino
849 3464 990 3555 grandis
1001 3465 1039 3528 in
1049 3472 1188 3551 atropos
1197 3463 1380 3540 similitudo

354 3593 408 3643 est.
428 3574 502 3662 (De
518 3573 613 3662 scrip.
630 3569 743 3640 eccles.
763 3593 792 3638 o.
816 3570 883 3658 15.)

350 3761 353 3766 ,
399 3678 501 3745 Tanta
512 3677 573 3744 fuit
588 3676 657 3765 ejus
673 3673 825 3742 doctrina
837 3673 942 3750 fama,
964 3684 1001 3755 ut
1014 3685 1121 3740 vetera
1133 3673 1239 3740 omnia
1256 3673 1376 3762 ignoto·

356 3809 427 3850 rum
443 3785 636 3873 scriptorum
649 3804 745 3871 opera
757 3779 863 3846 eidem
874 3779 953 3846 falso
962 3779 1202 3856 tribuerentur,
1216 3777 1374 3864 videlicet:

315 3909 316 3912 ’
366 3959 373 3993 r
406 3903 448 3954 ιθ
471 3889 622 3954 Oenones
647 3888 848 3952 Sanctorum
875 3885 1108 3974 Apostolorum
1127 3887 1205 3961 ¹85,
1236 3884 1290 3973 qui
1316 3907 1378 3953 aon
