2940 4570
513 331 524 418 i
552 353 611 418 177
637 335 648 420 l

73 488 217 552 ganum,
243 467 456 558 Epiphaniam
483 474 641 548 nornine,
667 495 765 562 quam
790 477 930 544 seiantiae
953 479 1094 568 profane

72 577 166 636 causa
189 573 302 660 saepihs
323 573 525 651 invisebant,
547 575 581 640 in
604 576 858 644 Christianorum
882 580 993 649 odium
1018 608 1095 674 pro-

72 673 149 766 lapsi
163 679 203 744 ah
219 680 362 776 lioolesiai
375 680 592 770 expelluntur,
610 683 733 772 iateque
748 695 879 774 aeceptA
894 687 981 756 volut
995 697 1093 771 ansi,

72 789 90 846 a
118 782 275 874 Georgio‚
303 785 485 852 Laodiceno
511 787 687 876 pontilioo,
719 789 893 860 Athanasio
920 793 1093 871 sarantes,

74 889 277 956 anathemate
292 890 522 980 percelluntur.

116 994 311 1084 Apollinaris
329 1009 434 1062 tamen
445 998 572 1085 junior,
586 998 774 1066 Laodicena
789 997 910 1068 electus
925 1003 1094 1093 episeopus

77 1097 226 1166 Eanlasiae
237 1149 247 1176 ,
260 1101 379 1166 sanctia
391 1099 539 1166 omnihus
554 1099 720 1190 doctisque
732 1104 900 1168 coretaneis
914 1105 987 1172 viria
997 1155 1006 1182 ,
1018 1131 1097 1194 prae·
1149 1127 1153 1140 ’

76 1207 249 1295 sertimqua
280 1207 476 1283 Athanasio,
507 1206 647 1284 Basilio,
678 1222 710 1274 et
741 1209 939 1298 Epiphanio,
965 1226 1096 1302 propter

74 1311 214 1378 scientias
226 1324 259 1376 ot
267 1313 387 1401 ingenii
399 1313 521 1390 lamam¹
529 1314 680 1402 probatus
691 1315 840 1380 innotuit.
853 1317 1008 1384 Error-um
1019 1325 1094 1386 varo

73 1415 208 1503 posthae
236 1417 328 1490 eirca¹
350 1417 581 1484 Incarnationis
605 1419 793 1508 mysterium
809 1441 902 1496 reus,
922 1433 1015 1490 seotae
1038 1447 1096 1490 suo
1157 1413 1159 1416 ⁵

73 1521 206 1586 nomine
221 1521 313 1588 dictae
324 1522 453 1610 signifer
470 1521 637 1586 damnatus
660 1535 717 1588 est.
736 1521 901 1611 Regnanta
917 1521 1097 1593 Theodosio

74 1625 160 1690 circa
172 1647 224 1690 an.
245 1627 309 1692 580
324 1625 496 1692 defunctus
507 1626 661 1694 ereditur.
753 1673 755 1680 -
830 1618 834 1626 ’

116 1729 227 1814 Plures
253 1732 286 1796 in
314 1755 436 1798 sacram
459 1731 659 1821 Scripturam
683 1737 957 1813 commentarios,
984 1737 1094 1827 plures

74 1850 186 1904 contra
204 1837 371 1905 haereticos
386 1851 565 1916 tractatus,
590 1839 698 1928 plures
713 1841 808 1906 etiam
824 1842 972 1930 epistolas
990 1844 1097 1910 homi-

71 1945 192 2034 liasque
206 1941 370 2034 scripsisse
384 1947 424 2010 ab
437 1947 573 2034 antiquis
585 1945 782 2035 perhibetur.
799 1947 988 2016 Conlocerat
999 1951 1096 2016 otiam

72 2062 184 2116 contra
207 2049 421 2140 Porphyrium
447 2051 576 2140 triginta
598 2047 717 2127 libros,
746 2051 861 2140 quibus
886 2075 991 2142 neque
1006 2053 1094 2141 apud

72 2159 270 2235 Eusebium,
287 2182 393 2246 neque
408 2157 494 2248 apud
505 2157 710 2248 antiquorum
726 2181 918 2252 quemquam
934 2157 1096 2226 excellan-

73 2267 135 2331 tius
151 2263 272 2353 aliquid
294 2266 434 2330 extitisse
450 2287 560 2330 omnes
576 2287 632 2330 ore
648 2287 713 2330 uno
735 2275 857 2330 veteres
876 2263 1071 2330 confitentur
1085 2311 1095 2340 ,

73 2371 190 2460 quihus
204 2369 377 2458 persolutis
393 2369 558 2446 Julianus,
574 2375 647 2436 ciam
660 2369 835 2457 scripsisset
849 2393 857 2434 ε
872 2368 969 2459 Iagi,
991 2369 1092 2434 iratri-

72 2479 156 2554 leoea',
175 2476 359 2549 dammam
375 2497 562 2566 responsum
577 2475 737 2562 accepisse
753 2473 872 2538 fertur:
891 2472 1015 2564 Legisti
1027 2475 1094 2560 for-

69 2607 145 2658 san,
163 2589 248 2650 osrtd
257 2606 326 2648 nors
338 2583 545 2656 intellearisti3
561 2583 762 2648 intellectum
774 2604 842 2646 non
854 2579 1092 2646 damnaveras.

72 2689 232 2754 Prohibita
243 2687 431 2754 Christiania
443 2687 623 2758 subendam
632 2688 1013 2776 imperatorepoiitarum,
1028 2709 1112 2752 ora·¹

73 2791 1098 2884 torumphilosophorumqueGraeeorumlectione.heroicis'oar·

71 2901 210 2974 minibus
225 2893 436 2965 Hebraeorum
458 2883 738 2986 historiam'usqub
762 2897 803 2964 ad
825 2895 928 2964 Saiilis
950 2909 1096 2986 tempora

69 3006 267 3076 celebratam
278 3005 388 3093 viginti
398 3015 535 3094 quatuor
547 3003 649 3076 tibris,
663 3003 840 3070 Homerum
851 3004 1004 3078 imitatus,
1018 3025 1095 3091 par·
1142 3025 1145 3034 ’

72 3117 147 3180 titus
159 3125 221 3201 εει,
239 3111 425 3200 Tragoedias
434 3112 548 3187 etiam,
561 3122 593 3176 et
600 3109 790 3184 oomoedias,
804 3121 836 3174 et
845 3109 937 3184 odas,
952 3107 1097 3176 deductis

72 3248 111 3316 ep
137 3221 241 3290 veteri
268 3232 460 3286 testamento
488 3219 707 3309 argumentis,
734 3217 894 3306 Euripidis
924 3217 1041 3291 instar,
1066 3231 1099 3282 et

70 3324 242 3415 Sophoclis
255 3337 287 3389 at
299 3323 448 3400 Pindari,
462 3323 587 3389 cecinit.
605 3319 774 3410 Evangelia
790 3319 918 3384 demum
929 3369 938 3395 ,
951 3333 984 3386 ot
998 3319 1098 3409 Apos-

68 3433 213 3500 tolorum
229 3429 380 3519 epistolas
400 3430 433 3494 in
450 3427 589 3518 dialogos
606 3427 784 3500 convertit,
805 3437 839 3488 ut
858 3423 1096 3517 Platonicorum

67 3535 227 3602 librorum
242 3532 379 3621 aliquam
395 3533 529 3602 referret
543 3531 725 3620 imaginem.
742 3527 868 3592 Podtiaa
880 3527 976 3613 opera
994 3525 1095 3614 Apol-

64 3636 160 3702 linari
184 3635 269 3722 patri
291 3640 308 3697 b
326 3633 458 3700 Socrate
474 3633 670 3698 tribuuntur.

110 3738 280 3826 Quidquid
296 3739 335 3802 sit
356 3750 464 3802 autem
479 3786 488 3814 ,
505 3741 595 3802 tanta
611 3733 802 3821 eloquentiae
817 3731 902 3796 iamai
917 3727 1092 3808 inclaruit,

64 3857 197 3910 etcum
219 3841 336 3906 Basilio
355 3839 449 3909 simul
471 3851 504 3906 et
528 3837 682 3926 Gregorio
704 3835 903 3914 Nazianzeno
923 3833 1095 3928 conferrit

206 3964 328 4032 Tomus
348 3961 453 4028 VIII.
484 3949 489 3970 ⁸
909 3975 946 4036 ,¹2
