2940 4570
764 341 897 427 (140)

341 474 575 562 postulantibus
590 481 634 546 itu
650 480 778 546 sortiter
790 480 936 553 obstitit,
958 491 994 543 ut
1009 477 1049 544 ab
1067 475 1191 544 Arianis
1208 475 1291 540 intra
1307 495 1371 564 pa-

343 579 563 652 letii'claustra
577 587 730 676 postridie
746 587 952 653 detineretur.
972 585 1083 676 Populi
1097 597 1205 652 autem
1223 583 1307 650 votis
1321 604 1374 644 re·

341 689 612 778 vocetusimpium
625 689 804 754 Constantii
817 689 958 756 edictum
974 687 1173 756 subscribere
1181 695 1371 753 constanter

343 790 427 877 ipsos
436 792 695 869 lutor-districtos
711 793 830 883 gladios
842 795 1016 868 recusavit:
1033 791 1118 858 unde
1127 790 1370 858 Germanicinm

341 898 482 984 primum
497 902 530 970 in
544 901 670 991 Syriam
683 928 691 977 ς
709 901 980 991 Eleutheropolim
995 899 1111 966 deinde
1127 901 1160 965 in
1171 897 1369 964 Palestinam

344 1003 531 1070 amandatus
541 1033 571 1082 ‚a
588 1007 676 1072 mirae
692 1007 879 1072 constantiae
890 1017 922 1071 et
933 1005 1099 1096 praeparati
1113 1003 1212 1069 animi
1225 1001 1267 1066 ad
1278 1023 1370 1066 mer-

345 1133 358 1165 »
386 1107 505 1194 tyrium
536 1121 648 1176 contra
669 1109 892 1175 Constantium
915 1111 1142 1200 imperatorem
1169 1105 1298 1195 scripsit
1329 1102 1372 1169 li-

346 1238 359 1272 a
387 1211 513 1278 buum»
544 1213 617 1298 (De
633 1214 757 1301 Script.
784 1213 906 1280 Erotes.
931 1237 1002 1303 cap.
1028 1213 1114 1299 105)
1139 1235 1235 1300 quem
1271 1221 1306 1275 et
1329 1208 1371 1273 ad

344 1316 450 1404 ipsum
471 1318 599 1384 mittere
620 1341 685 1384 non
707 1319 873 1384 dubitavit.
893 1318 966 1399 Quo
985 1319 1105 1386 fuctum
1127 1329 1197 1394 cst,
1218 1327 1281 1381 ut«
1297 1327 1372 1380 tan-

346 1449 359 1482 »
388 1433 439 1487 tus
454 1437 545 1488 amor
565 1421 741 1514 affectionis
761 1423 830 1514 ejus
852 1424 964 1490 animis
984 1423 1129 1489 omnium
1150 1421 1247 1488 luerit
1263 1418 1370 1486 collo-

346 1555 359 1588 s
387 1540 496 1605 catus,
514 1540 550 1594 ut
563 1527 667 1594 Eliam
685 1528 776 1594 illum
791 1529 882 1596 bisce
902 1529 1101 1618 temporibus
1116 1525 1361 1594 nominarent.»

347 1630 402 1718 (8.
419 1631 548 1700 Aetas.
566 1634 675 1723 Epist.
697 1657 727 1700 2.
742 1633 923 1725 adducis.)

388 1739 550 1809 Defuncto
574 1742 780 1819 Constantio,
811 1741 1003 1832 Julianoque
1025 1747 1169 1832 apostotA
1195 1736 1368 1828 indulgen-

343 1844 420 1912 tium
430 1846 620 1926 affectante,
636 1848 765 1915 Lucifer
777 1872 860 1914 enno
874 1849 936 1915 562
949 1899 957 1925 ,
971 1847 1180 1924 e'lhebaide,
1193 1845 1249 1912 ubi
1266 1843 1369 1912 iuerat

222 2019 225 2028 ,
344 1951 522 2042 relegatus,
539 1954 671 2042 tandem
695 1953 908 2030 redux,ci1m
930 1952 1116 2019 dissidentes
1137 1963 1271 2043 propter
1286 1951 1368 2013 Eus-

280 2080 284 2100 ·
344 2055 481 2122 tathium
497 2069 530 2124 et
548 2055 713 2122 Meletium
737 2056 969 2124 Antiochenses
984 2055 1179 2145 reperisset,
1195 2051 1366 2123 Paulinum

345 2174 481 2249 utroque
493 2163 614 2250 rejecto
629 2162 662 2228 in
678 2161 891 2252 episcopalem
902 2162 1010 2228 sedem
1026 2161 1218 2226 substituere
1230 2157 1368 2224 nimium

344 2269 545 2356 properavit,
559 2291 600 2333 ne
612 2281 793 2356 exspectato
809 2267 938 2358 quidem
955 2265 988 2332 S.
1004 2265 1144 2332 Eusebio
1156 2260 1366 2335 Vercellensi,

345 2375 420 2461 qui,
451 2382 640 2465 congregati
665 2375 749 2464 apud
772 2374 995 2440 Alexandriam
1017 2373 1148 2462 Synodo
1169 2372 1210 2438 de
1234 2396 1368 2460 compo-

345 2479 458 2546 nendis
468 2472 658 2570 gravissimis
676 2480 735 2547 illis
749 2479 905 2557 dissidiis,
919 2479 1121 2546 cunctantibs
1137 2477 1232 2544 simul
1247 2491 1281 2544 et
1292 2502 1366 2568 pru-

346 2583 472 2650 dentius
490 2585 613 2674 agebat.
634 2585 717 2650 llinc
738 2584 894 2651 «Lucifer
910 2582 1020 2648 dolens
1038 2583 1125 2672 quod
1149 2583 1366 2672 episcopuma

348 2720 361 2753 s
390 2715 424 2756 se
439 2691 622 2756 ordinatum
632 2690 718 2780 apud
725 2688 926 2756 Antiochiam
941 2711 1006 2754 non
1018 2687 1188 2777 recepisset
1199 2687 1366 2762 Eusebius,

349 2824 362 2856 s
390 2817 451 2861 nec
468 2796 535 2885 ipse
550 2797 692 2884 recipere
709 2796 828 2884 cogitat
843 2793 1051 2863 Alexandrini
1068 2794 1200 2862 decreto
1215 2791 1362 2865 concilii;

349 2931 362 2964 s
391 2903 447 2968 sed
463 2903 742 2993 constringebatur
760 2888 854 2991 legati
875 2902 923 2967 sui
949 2899 1078 2968 vinculo
1101 2893 1156 2990 qui
1177 2901 1211 2968 iu
1232 2897 1365 2966 concilio

349 3035 362 3069 s
390 3007 488 3096 ipsius
509 3009 699 3078 auctoritate
711 3007 952 3094 subscripserat.
973 3004 1123 3096 Abjicero
1139 3027 1280 3092 namque
1297 3027 1367 3070 eum

282 3111 286 3114 ’
349 3141 363 3175 s
391 3137 456 3180 non
476 3125 621 3204 poterat,
647 3115 708 3202 qui.
724 3112 948 3178 auctoritatem
971 3113 1041 3198 ejus
1062 3109 1210 3185 tenebam
1231 3109 1280 3175 sin
1296 3116 1366 3188 verb

350 3250 363 3284 s
391 3221 563 3310 recepisset
578 3243 674 3287 omne
695 3243 789 3312 suum
803 3211 1030 3284 frustrandum
1041 3215 1170 3283 videbat
1181 3216 1364 3304 incoeptum.

349 3329 454 3396 s-Diu
484 3333 559 3416 ergo
588 3325 630 3392 de
664 3323 964 3412 hoc-multlrmque
995 3321 1199 3397 deliberans,
1232 3324 1308 3386 cum
1333 3342 1368 3384 ex

351 3464 364 3497 ι
392 3439 527 3521 utreque
549 3443 639 3522 parte
655 3430 921 3508 concluderetur,
939 3427 1034 3518 elegit
1058 3435 1094 3492 ut
1117 3427 1228 3516 legato
1238 3447 1297 3490 suo
1318 3448 1366 3490 re-

350 3537 363 3603 s
395 3553 510 3632 cepto,
543 3563 616 3630 erga
647 3552 778 3607 caeteros
804 3538 994 3604 sententiam
1025 3535 1208 3626 disparem,
1233 3533 1290 3599 sed
1312 3531 1366 3598 sibi

352 3677 365 3711 s
386 3648 545 3738 placitam
560 3647 743 3714 custodiret.
764 3641 900 3736 »(lloff.
919 3643 976 3711 lib.
988 3675 990 3682 ,
1001 3665 1027 3708 1.
1047 3668 1074 3709 c.
1096 3643 1188 3730 bola
1204 3643 1281 3708 Haec
1296 3640 1366 3706 dum

353 3782 366 3816 ι
393 3775 451 3842 per
466 3765 591 3840 tempus
612 3751 843 3818 discordiarum
859 3760 1037 3838 geruntur,
1055 3743 1174 3814 multos
1194 3745 1234 3810 ab
1252 3744 1367 3810 unitate

350 3876 367 3922 ¹»
388 3849 1368 3950 EcclesiaesegregaruntQuippenovatuncexortaesthaeresis
