2956 4586
539 367 652 455 (as)

22 519 30 608 ζ
74 530 88 564 »
120 507 205 577 Sunt
219 524 254 579 at
268 511 321 578 alii
336 511 428 588 libri,
448 531 513 576 non
529 511 659 600 quidem
675 508 853 589 Canoniai,
872 511 928 577 sed
946 531 1025 600 qrrns
1042 507 1103 572 Pa-

75 637 87 670 »
119 623 186 680 tras
202 629 373 684 sanxerunt
384 614 447 704 legi
458 615 514 690 iis,
527 617 583 703 qui
595 616 636 681 ad
648 614 747 682 fidam
759 615 939 690 accedunt,
956 612 1104 702 cupiunt-

77 745 91 778 »
125 742 189 806 que
201 722 233 786 in
242 722 367 812 piatatis
379 719 478 786 verbo
492 721 626 798 institui,
640 732 676 786 ut
689 719 853 810 Sapientia
865 717 1100 788 Salomonis...

78 849 92 883 a
125 836 157 888 at
185 825 334 894 Pastor.»
354 827 490 916 (Epist.
516 823 657 913 Pascis.)
679 825 923 914 Eiusdeniqut
939 822 1102 891 Rufinus:

89 954 103 989 s
126 929 187 998 Alii
201 933 274 1000 libri
289 946 388 1010 sunt,
416 934 554 1024 quinon
578 934 743 1010 canonici,
774 933 831 1000 sed
857 927 1101 1000 aeclesiasticia

82 1065 95 1098 »
109 1040 301 1129 1πῃᾶῇονῦωε
321 1039 473 1131 appellati
491 1053 585 1116 suut,
602 1053 639 1106 ut
653 1052 701 1106 est
717 1039 880 1130 Sapientia
901 1035 1102 1106 Salomoniss

5 1213 7 1216 .
79 1170 92 1203 a
123 1144 254 1224 innovo
274 1157 383 1212 autem
408 1155 600 1212 testamento
616 1141 743 1210 libellus
758 1145 811 1232 qui
832 1143 951 1212 dicitur
967 1137 1108 1208 Pastoris

79 1275 92 1309 n
125 1251 189 1318 sive
204 1251 406 1318 Hermitis.»
435 1252 447 1338 (
464 1250 586 1340 Empos.
603 1251 641 1314 in
658 1248 773 1339 Symb.
793 1249 925 1339 Apost.)

392 1407 570 1474 Enrrrouss
587 1426 766 1473 rnacrrnn.

127 1561 252 1632 Amisso
274 1587 377 1655 graeco
393 1576 502 1646 textu,
530 1564 625 1631 unica
640 1577 786 1654 superest
803 1563 901 1654 hujus
914 1562 987 1653 libri
1005 1558 1116 1626 'latina'

82 1671 207 1747 versio,
224 1681 294 1759 quae
305 1692 421 1738 excusa
431 1681 480 1736 est
492 1669 576 1736 inter
586 1671 702 1737 Patras
717 1670 938 1761 apostolicos&
951 1663 1112 1733 Catulario

86 1779 211 1881 auitos,
227 1803 279 1846 an.
300 1781 403 1867 1672,
425 1791 458 1846 et
472 1781 590 1846 iterum
604 1777 702 1868 praelo
720 1779 865 1864 subjecta
881 1784 977 1867 opert
989 1775 1029 1841 D.
1051 1770 1112 1838 La-

4 1899 5 1902 ’
89 1883 193 1958 atara,
222 1883 312 1950 annis
332 1885 415 1970 1698
429 1895 461 1948 et
481 1885 586 1970 1724,
611 1905 682 1970 quae
702 1879 814 1947 ultima
835 1879 957 1948 caeteris
976 1888 1113 1964 antapo-

90 1987 194 2056 uenda
212 1991 337 2082 videtur
348 1990 456 2058 editio.
479 2021 482 2028 ¹

429 2114 606 2192 Vunsrorsns
622 2135 775 2181 uranica.

80 2337 86 2342 -
134 2291 238 2356 Instar
251 2291 404 2380 versionis
420 2288 541 2378 gallica
555 2286 668 2353 haberi
679 2295 813 2375 possunt
828 2305 898 2372 quan
911 2280 1117 2371 reperiuntur
1192 2273 1196 2282 ’

95 2395 180 2484 apud
191 2395 230 2459 Ι).
245 2395 383 2483 Flawy,
394 2394 470 2458 hist.
489 2391 661 2459 ecclesiast.
677 2390 732 2456 lib.
751 2413 780 2456 a.
796 2411 824 2455 c.
840 2391 894 2468 44.

130 2501 265 2589 integra
282 2511 399 2565 autern,
411 2499 570 2588 reperitur
584 2499 686 2564 versio
705 2497 738 2563 in
754 2497 870 2583 magnai
885 2491 1004 2568 biblia,
1030 2490 1116 2580 apud
1189 2555 1192 2563 ,

91 2610 233 2694 Despuat
250 2610 364 2672 excussi
387 2629 438 2672 an.
466 2629 573 2693 1717,
592 2603 692 2672 in-fol.
715 2655 723 2680 ‚
748 2614 782 2669 at
800 2601 915 2668 eodem
927 2621 1011 2665 anno
1027 2619 1118 2686 sepa-

91 2711 185 2777 ratim
200 2711 332 2786 ,iu-12,
351 2710 485 2786 amissa,
510 2707 653 2774 vertente
665 2707 704 2773 D.
723 2705 855 2796 Lagras.
877 2703 1008 2793 Legitur.
1021 2701 1133 2768 etiam.

92 2819 176 2884 inter
187 2815 503 2906 librusapocryphos
522 2811 635 2882 Bibliae
651 2812 815 2888 Sacianae,
833 2833 885 2876 au.
909 2811 1003 2896 ¹74²·

546 2999 568 3090 S
593 2997 650 3065 ill.

235 3187 271 3253 S.
291 3187 473 3282 Dionysius
485 3185 710 3276 Areopagitas,
726 3185 817 3250 circa
836 3206 891 3248 an.
911 3183 964 3270 96.

549 3355 694 3424 Gnaeus.

137 3532 253 3622 Magna
273 3533 357 3598 inter
377 3532 488 3600 doctos
504 3531 637 3620 quaestio
653 3527 694 3592 da
710 3525 872 3616 Dionysio
893 3519 1120 3612 Areopagita,

94 3639 286 3728 scriptisque
297 3637 356 3704 sub
370 3638 439 3727 ejus
458 3637 589 3704 nomine
605 3631 858 3703 ambulantibus.
875 3629 975 3696 Nemo
992 3625 1122 3715 quidem

93 3745 198 3812 nescit
223 3743 429 3832 Dionysium
446 3741 676 3834 Areopagitam
691 3738 703 3815 ,’
731 3743 749 3802 a
766 3734 864 3803 Paulo
881 3733 922 3800 ad
937 3731 1122 3822 religionem

37 3874 52 3903 s
93 3851 300 3918 christianam
314 3841 519 3925 consanum,
530 3849 674 3940 primum
686 3843 825 3911 extitisse
834 3839 1034 3908 Athenarum
1046 3857 1123 3926 pon·
1167 3911 1170 3922 .

427 4135 451 4172 ν’
