2956 4586
587 331 699 426 (45)

119 469 145 542 ι’
164 487 333 550 cernentes
348 475 485 568 improbi
500 499 618 568 eorpus
636 481 734 569 ipsius
748 480 789 546 ab
804 480 878 570 igne
891 499 956 545 non
968 499 1061 568 posse
1073 495 1150 542 con-

40 675 44 682 ·
120 617 133 650 a
165 588 266 664 sumi,
282 588 443 676 jusserunt
457 587 677 654 confectorem
693 589 825 678 propius
837 586 1012 663 accedere,
1032 585 1149 674 pugiu-

121 725 134 757 »ι
166 719 303 782 nemque
320 693 435 784 capulo
447 699 540 770 teuirs
553 694 683 760 obdere.
700 695 754 762 Sic
766 694 938 764 defunctus
949 703 997 759 est
1012 693 1148 758 maxime

121 828 148 865 s·
166 802 369 868 admirandus
381 814 505 890 martyr
522 800 737 891 Polycarpus,
751 801 806 891 qui
823 801 938 870 nostris
951 798 1149 888 temporibus

122 938 134 970 a
165 907 366 996 Apostolicos
385 919 419 972 et
431 896 772 996 Prophetious‘dootor
787 908 916 978 exstitit.
933 891 1095 970 —Omne
1110 902 1149 967 si·

122 1041 135 1073 »
166 1009 293 1099 quidem
307 1009 445 1076 terbum
458 1009 545 1100 quod
556 1033 612 1078 ore
624 1033 682 1078 sno
694 1012 823 1088 emisit,
840 1022 896 1076 aut
906 1007 1075 1098 impletum
1087 1017 1147 1082 est,

121 1143 134 1178 s
165 1126 220 1181 aut
235 1113 461 1204 implebitur.»
933 1173 936 1184 ,
976 1101 980 1110 ’
1072 1099 1075 1106 ’

164 1223 245 1291 Acta
261 1223 407 1312 martyrii
423 1222 495 1311 ujus
509 1223 576 1312 jum
592 1221 669 1288 olim
684 1221 768 1289 lecta
790 1224 823 1288 in
843 1222 1011 1299 Ecclesia,
1031 1233 1064 1288 et
1082 1219 1149 1288 dies

119 1329 232 1395 natalis
261 1327 440 1395 celebratus
453 1351 463 1402 3
497 1351 585 1394 nuno
612 1333 742 1416 quoqut
768 1326 952 1418 sepulerum
975 1328 1051 1420 ejm¹
1071 1339 1150 1417 quot

99 1496 101 1498 ,
120 1436 213 1502 annis
229 1435 311 1502 sesto
326 1435 425 1524 ipsius
440 1431 605 1500 memoriae
621 1445 809 1500 consecrato
824 1485 832 1512 ,
850 1433 1035 1502 solemniter
1057 1433 1149 1501 invisi

120 1551 256 1606 testatur
274 1539 420 1606 Thomas
436 1537 589 1605 Smithua
602 1539 635 1603 in
650 1539 763 1604 notitia
781 1561 798 1624 7
812 1537 1029 1606 Ecclesiurum
1046 1537 1147 1615 llsiae,

122 1645 179 1710 obi
200 1652 233 1710 et
256 1644 377 1710 mentio
405 1643 523 1734 am'pli,
549 1642 637 1733 quod
668 1643 814 1732 Smyrnae
834 1633 947 1711 adhue
957 1645 1148 1721 ostenditur,

123 1751 351 1841 amphitheatri
366 1802 374 1829 ‚
389 1754 421 1817 in
434 1775 497 1840 quo
511 1763 683 1818 coronatus
695 1753 850 1842 martyrio
865 1753 1060 1843 Polycarpus
1076 1754 1148 1830 luit,

126 1859 221 1946 eujus
233 1857 266 1922 iu
274 1858 464 1924 memoriam
478 1857 587 1924 Romae
602 1859 635 1924 in
651 1857 813 1947 temploS.
832 1859 986 1949 Stephani
1001 1860 1036 1926 in
1052 1859 1149 1940 Caelio

14 2001 18 2016 ·
125 1975 235 2030 monte
251 1961 367 2054 legitur
379 1961 433 2035 illu
445 1963 596 2031 Siruoidae
611 1965 767 2031 sententia
783 1988 790 2030 :

277 2175 385 2242 Eucti.
406 2177 459 2241 51.
480 2176 510 2240 6.
532 2177 570 2242 in
583 2176 697 2278 medio·
710 2173 799 2264 ignis
814 2195 883 2238 non
897 2197 970 2240 sum
982 2186 1146 2240 matuatus.

179 2383 192 2416 «
215 2356 391 2422 Phoenicen
408 2357 432 2420 si
446 2357 516 2443 quis
531 2355 637 2420 medio
651 2357 787 2440 miretur
803 2359 836 2423 in
852 2359 925 2446 igne

217 2491 229 2524 a
262 2463 392 2536 Emori,
410 2473 441 2526 et
455 2461 609 2527 exstincto
625 2483 658 2526 se
673 2483 823 2550 reparare
835 2485 931 2551 rogo;

126 2603 131 2614 ι
171 2555 416 2653 »’01)εωρεαῐ,
431 2563 622 2653 Polycarpe‚
640 2564 746 2630 avidas
763 2565 820 2630 tibi
832 2587 965 2655 parcere
981 2561 1148 2641 flammas,

214 2701 227 2732 s
261 2671 332 2738 Non
349 2695 440 2737 ausas
457 2677 546 2739 sacrl
563 2683 595 2736 te
610 2669 730 2738 violare
749 2671 840 2737 face.⁴
924 2686 926 2696 '
951 2693 954 2702 ¹

168 2809 181 2843 r
212 2777 298 2846 Mille
314 2779 418 2844 nitent
432 2779 542 2855 taedae,
560 2777 756 2868 rutilantque
768 2778 843 2844 hinc
858 2775 933 2842 inde
948 2775 1081 2854 favillis,

213 2913 227 2947 s
259 2883 363 2972 Atque
379 2885 457 2949 inte
472 2883 670 2959 Dominum,
685 2907 780 2972 quem
794 2880 870 2948 eolis
883 2881 950 2971 ipse
965 2933 972 2955 .
990 2881 1110 2949 colunt.

170 3019 183 3052 o
215 2987 348 3054 Praemia
359 3013 446 3055 nunc
457 2988 654 3080 majoratihi
669 2989 726 3056 sed
740 2987 846 3054 reddit
862 2986 1039 3077 Olympus,

214 3123 227 3157 o
260 3095 356 3184 Ignea
369 3095 422 3182 qui
435 3093 572 3183 pedibus
588 3094 817 3183 subjicitastra
831 3081 904 3160 tuis.
916 3122 929 3154 »

170 3310 220 3374 Ex
231 3308 323 3376 dietis
341 3308 440 3398 liquet
451 3306 665 3397 Polycarpum
680 3331 745 3376 non
760 3306 921 3403 immerito
936 3305 1153 3374 Ecclesiarum

125 3414 227 3478 totius
240 3415 332 3480 Asius
354 3415 546 3504 prinoipem
567 3413 606 3480 ab
627 3415 826 3503 Hieronymo
849 3411 1042 3500 appellatum
1057 3411 1153 3478 foisse

125 3517 159 3582 in
176 3515 320 3606 catalogo
343 3518 539 3607 scriptorum
561 3517 862 3584 ecclesiasticorum.
884 3515 996 3582 Sedet
1012 3516 1153 3604 Ignatius

125 3607 269 3710 martyr,
286 3645 382 3710 quem
399 3621 593 3712 Polycarpus
609 3621 744 3690 Romam
760 3623 933 3688 adeuntem
946 3633 1151 3710 susceperat,

58 3813 62 3824 ¹
127 3727 245 3816 cuique
261 3728 357 3794 morti
372 3729 535 3816 proximus
550 3727 701 3796 Ecclesiae
717 3725 926 3794 Antiochenae
940 3748 1049 3792 curam
1063 3748 1153 3790 com-

126 3832 238 3909 misit,
260 3832 496 3928 eumpdigoum
520 3833 589 3900 Deo
610 3834 796 3924 episcopum
814 3830 952 3922 appellat
969 3833 1001 3898 in
1022 3827 1154 3920 epistold
