2990 4570
571 375 771 478 taust:

128 507 266 598 ceperit,
283 514 432 578 nonsatis
454 513 538 580 inter
553 513 695 580 historiae
710 493 1071 604 scriptores⁴convenit3
1096 515 1158 582 hoc

126 621 253 682 tantiam
272 613 331 706 p'ro
350 613 649 686 cacto'haheudum
662 623 730 698 est,
759 620 850 688 illum
872 621 982 690 Romae
998 623 1158 712 baptismo

5 713 10 720 '
125 719 225 786 fuisse
240 733 492 792 consecratum„

172 826 257 928 llinc
269 827 462 917 perlustrati
479 832 620 920 primum
641 831 812 920 Aquileia,
831 827 1162 908 delicatamque
1243 921 1246 928 .

128 931 253 1009 Ponto,
271 933 491 1024 et'Bythiniai,
511 949 546 1002 et
567 936 712 1015 Galatia,
731 949 764 1004 et
780 937 1006 1028 (lappadooisi,
1028 938 1060 1002 in
1082 936 1161 1001 hor-

89 1040 94 1050 “
127 1039 245 1106 tendas
262 1040 424 1122 Ghalcidae
436 1042 538 1132 Syriae
557 1043 746 1113 solitudines
765 1069 801 1116 se
815 1047 958 1138 recepit,
982 1045 1037 1110 uhi
1049 1041 1162 1133 vigiliis

127 1143 486 1236 hebraioaeque'linguae
501 1145 608 1215 studio
630 1150 829 1239 importunas
851 1173 1060 1238 aqmanaaum
1081 1147 1163 1215 dcli-

129 1250 253 1331 eiarum
270 1251 425 1342 imagines
442 1255 482 1320 ab
499 1255 598 1350 apimi
614 1251 715 1324 oculis
731 1279 881 1324 amovere
898 1247 1051 1332 conatus,
1069 1245 1170 1344 napo-'¹

129 1357 204 1424 titas
235 1358 341 1424 oannis
366 1360 561 1426 tentationes
585 1385 644 1451 per
672 1374 810 1450 quatuor
836 1385 936 1430 annos
953 1360 1160 1430 ’debellavitz

130 1463 341 1552 quoadusque
356 1465 729 1543 monachorum‚'fidem
745 1470 816 1559 ejus
837 1482 1020 1560 suspectam
1043 1461 1167 1536 hah'en‘·

102 1603 107 1610 ·
130 1571 225 1648 tium,
239 1573 468 1660 questionibus
480 1573 629 1664 fatigatus
640 1626 649 1652 ‚
660 1574 864 1642 Antiochiam
878 1577 1044 1643 remeavit.
1057 1575 1165 1656 Quam

129 1679 210 1742 ciam
224 1675 258 1742 in
273 1687 337 1742 taes
351 1687 459 1765 partes
471 1676 605 1744 divisam
628 1679 820 1756 invenisset,
832 1693 965 1768 propter
978 1675 1164 1754 Moletium,

129 1781 302 1856 Paulinum
316 1780 510 1858 etVitalem‚
524 1783 581 1870 qui
589 1782 686 1848 simul
698 1783 845 1873 ejusdem
851 1783 1003 1852 Ecclesiae
1011 1781 1165 1851 Praesulas

128 1914 163 1958 sc
170 1889 360 1978 'jactabant,
374 1890 571 1978 interrogato
586 1913 646 1980 pet·
654 1889 777 1958 litteras
794 1915 922 1958 summo
938 1891 1167 1958 Pontificella-
1248 1895 1253 1908 “

5 2067 7 2074 ,
129 1993 335 2081 maso,cujus
351 1992 512 2060 cathedrae
523 2045 531 2070 ‚
543 1993 577 2060 id
589 2005 638 2060 ost
654 1995 821 2062 cathedrae
831 1995 926 2064 Petri
941 2017 1069 2084 semper
1084 2018 1164 2061 eou-

130 2100 257 2166 soca'era‘
264 2097 403 2176 volebat,
415 2099 526 2185 (Hier.
535 2099 644 2190 Epist.
662 2101 1168 2192 aqadDam.)delegitithau·
1232 2099 1237 2104 ’

132 2205 196 2275 lini.
206 2204 364 2274 electione
378 2206 496 2274 certios
509 2207 630 2285 factus,
644 2231 710 2274 uon
723 2207 768 2274 illi
785 2207 891 2276 solium
900 2209 1052 2285 adhaesit,
1066 2207 1123 2274 sed
1134 2219 1168 2274 et
1188 2197 1192 2206 ’

132 2313 335 2380 sacerdotem
351 2311 390 2378 ah
411 2312 465 2380 illo
481 2338 515 2380 se
534 2315 676 2382 ordinari
694 2339 806 2406 passus
822 2327 888 2391 est,
906 2320 944 2381 cai
959 2328 1069 2382 tamen
1086 2335 1167 2382 con·

133 2420 280 2496 ditione,
305 2417 393 2509 quod
411 2417 491 2486 nulli
513 2419 664 2488 Ecclesiae
685 2421 899 2487 addiceretur.
932 2419 1002 2486 lmh
1023 2433 1056 2486 et
1079 2421 1168 2508 juxta

133 2528 167 2594 S.
188 2527 406 2620 Epiphaniam
429 2542 588 2619 «propter
599 2527 826 2596 verecundiam
840 2542 873 2594 et
885 2527 1101 2596 humilitatem
1114 2549 1170 2592 no·

132 2663 158 2698 ι’
177 2635 237 2703 luit
250 2635 357 2702 debita
366 2637 489 2702 nomini
503 2661 562 2704 suo
575 2659 725 2704 exercere
737 2635 911 2712 sacrificia,
925 2647 958 2701 et
970 2634 1121 2702 laborare
1132 2633 1167 2698 iu

132 2771 145 2804 a
176 2739 240 2806 haic
255 2753 346 2829 parte
358 2742 524 2808 ministerii
542 2746 605 2832 qua
627 2739 884 2807 Christianorum
904 2741 1065 2830 praecipua
1084 2735 1170 2806 salus

132 2875 145 2908 s
176 2858 261 2912 ests
282 2847 438 2926 Quamvis
449 2846 596 2912 nonnulli
608 2869 675 2914 non
687 2846 848 2924 immarith
864 2845 1064 2914 contendant
1076 2842 1169 2910 illum

132 2950 264 3039 quidem
277 2947 356 3014 nulli
372 2947 523 3016 Ecclesia
534 2949 630 3017 fauisse
646 2948 864 3038 adscriptum,
881 2949 939 3016 scd
950 2949 1058 3016 divina
1072 2947 1172 3014 ohtu-

130 3055 205 3122 lisse
217 3055 385 3144 mysteria:
397 3051 538 3144 alioquin
549 3055 636 3120 enim
652 3053 863 3122 Sacerdotem
878 3053 990 3122 audire
1004 3053 1084 3144 quid
1096 3075 1172 3142 pro·

132 3160 272 3232 luisset?

138 3317 148 3328 .
179 3265 460 3357 Constantinopoli
477 3267 595 3336 deinde
611 3267 796 3357 aliquandiu
811 3281 974 3344 versatus,
993 3279 1029 3332 ut
1046 3266 1173 3356 Grego-

132 3375 221 3442 rium
245 3374 484 3447 Nazianzauum
499 3379 597 3442 sacrae
617 3376 793 3466 Scripturas
815 3375 904 3465 quasi
927 3373 1173 3442 doctorem'ha-

130 3483 252 3559 herat‚'
270 3485 407 3550 Romam
429 3508 504 3551 cum
519 3483 654 3552 Paulino
676 3485 718 3550 ad
742 3483 1171 3552 tractandas'Eaclasiarum

134 3615 250 3661 causas
259 3593 406 3682 oiacalan.
418 3591 539 3658 Christi
549 3595 611 3660 582
622 3604 786 3682 evocatur.
796 3592 857 3658 Hic
869 3591 912 3656 ita
920 3591 1011 3658 hacvi
1023 3588 1171 3656 doctrina

76 3745 79 3752 -
133 3713 167 3766 ct
190 3701 310 3768 virtute
329 3698 502 3774 inclaruit,
525 3712 585 3776 ut,
610 3699 748 3786 jubente
768 3697 908 3762 Damaso
930 3701 1033 3785 papa,
1058 3715 1171 3760 omnes

132 3805 284 3876 omnium
292 3805 521 3894 episcoporum
534 3805 574 3870 de
582 3803 764 3898 Socipturis·
776 3814 809 3866 ct
820 3801 966 3868 moribus
976 3799 1170 3890 quaestiones

132 3911 277 3984 solvendi
297 3925 409 3984 curam
433 3912 618 4000 susciperet.
632 3909 797 3978 'Romanis
821 3909 929 3980 etiam*
944 3930 1009 3974 non
1031 3906 1174 3994 ingratus
