2990 4570
796 383 813 466 ’(
842 377 936 463 ι86)

352 522 405 563 sus
421 523 477 586 per
493 499 701 590 quadraginta
714 513 745 568 et
757 501 898 589 quinque
916 523 1016 569 annos
1033 499 1182 568 Nazianzi
1198 500 1232 566 in
1245 498 1373 588 Cappa-
1448 534 1452 547 .

352 605 443 672 donia
465 607 685 696 episcopatum
708 610 811 684 rexit,
833 607 941 686 filius,
970 610 1003 674 in
1033 607 1205 683 Caesarea,
1236 605 1375 675 Alexan-

352 711 452 790 dria,
469 713 732 803 Athenarumque
748 714 884 792 sobolis,
899 717 955 782 ubi
966 717 986 800 l
990 715 1095 784 uliano
1106 721 1215 804 postca
1231 715 1375 804 impera-

352 817 413 882 tori
429 817 587 894 innotuit,
620 819 793 909 disciplinis
808 820 1049 888 humanioribus
1072 819 1284 917 informatus,
1311 842 1377 887 non
1427 881 1429 886 .

351 921 482 1022 ingenio
492 921 599 988 minus
611 930 708 1010 quam
724 924 892 992 virtutibus
904 917 1044 992 emicuit]
1063 925 1124 992 llic
1139 923 1291 1011 etiams·
1314 923 1378 990 Ba-

352 1026 420 1094 silio
439 1029 626 1100 familiarior
642 1032 768 1109 lactus,
791 1039 888 1122 quam
909 1039 1017 1102 sancte
1044 1033 1178 1108 viserit,
1201 1038 1301 1122 quam
1312 1034 1378 1100 im-

350 1135 451 1222 probe
466 1133 679 1212 laboraverit,
696 1137 837 1226 inhujus
853 1138 951 1204 modo
962 1141 1025 1204 vitri
1042 1135 1221 1206 retulimus.

382 1238 587 1324 ¹Perlustrato
601 1241 779 1308 studiorum
789 1241 969 1319 curriculo,
987 1263 1132 1311 cremum
1145 1247 1207 1310 unl
1219 1264 1295 1308 cum
1308 1239 1376 1306 'Bra
1415 1321 1418 1327 1
1481 1239 1482 1242 ’

349 1343 418 1416 silio
437 1347 555 1435 jpetiit,
579 1369 640 1412 neo
658 1346 732 1411 inde
753 1347 841 1434 prius
861 1360 1004 1434 egressus
1023 1358 1091 1424 est,
1108 1361 1205 1434 quarn
1222 1343 1375 1416 Ecclesia

349 1455 511 1542 patrisque
527 1455 698 1520 necessitas
712 1453 897 1542 postularet,
915 1455 1004 1524 -cnm
1023 1457 1113 1525 enirn
1125 1454 1305 1544 periclitari
1323 1453 1376 1518 di-

349 1559 476 1627 dicisset
495 1559 695 1636 Ecclesiam,
725 1572 913 1649 patremque
939 1573 1032 1630 etate
1058 1559 1280 1637 debilitatum,
1299 1559 1376 1629 Ari-

347 1666 525 1732 minensem
546 1665 738 1742 formulam,
761 1667 905 1756 apposito
923 1666 1138 1756 malbsigillo,
1167 1665 1375 1737 confirmasse

348 1781 573 1860 comperisset,
598 1771 814 1862 periculosum
836 1786 1000 1842 certamen
1018 1771 1167 1844 solitaria
1187 1773 1279 1861 pacis
1302 1771 1375 1844 loco

349 1877 531 1966 amplexus,
545 1881 653 1948 statim
667 1881 759 1970 quasi
773 1880 908 1948 bellator
922 1881 956 1946 in
968 1879 1252 1968 amntintrepidus
1265 1879 1371 1954 adest,

346 1982 401 2049 illo
417 1983 588 2060 suadente,
611 1985 693 2051 redit
713 1985 752 2049 ab
767 2008 875 2050 errore
890 1997 982 2074 pater
989 2008 999 2056 3
1023 1983 1078 2048 illo
1098 1983 1257 2057 docente,
1272 1984 1306 2048 in
1323 2007 1376 2048 se-

326 2088 436 2156 'niore
452 2091 596 2156 doctrina
614 2091 847 2156 confirmantur
861 2090 990 2165 fidelesr
1017 2089 1072 2156 illo
1089 2090 1286 2167 reluctante,
1304 2091 1376 2156 vin-

250 2207 252 2213 ’
345 2208 464 2264 cuntur
474 2195 624 2262 haeretici.
708 2225 711 2228 ·

301 2313 307 2322 '
389 2301 577 2370 Sacerdosb
593 2315 685 2392 patre
706 2327 790 2370 anno
811 2306 876 2370 sur
895 2303 1085 2382 ordinatus,
1111 2305 1375 2391 Sasimorumque

345 2412 511 2501 episeopus
527 2411 648 2500 abipso
663 2412 781 2478 Basilio
797 2425 1021 2490 consecratus,
1039 2413 1187 2481 abdicati
1205 2411 1373 2508 dignitate,

191 2562 192 2565 κ
294 2568 297 2574 .
344 2515 377 2582 in
397 2515 602 2583 solitudinem
619 2516 734 2584 iterlrm
762 2517 917 2594 secessit,
943 2517 1158 2606 quoadusquo
1172 2524 1191 2582 ts
1206 2529 1299 2605 patre
1316 2515 1374 2581 de-

346 2619 467 2708 crepito
481 2619 579 2686 altera
592 2621 662 2687 vice
677 2622 710 2686 in
723 2620 874 2688 auxilium
887 2634 1037 2699 vocatus,
1055 2633 1203 2711 suscepto
1216 2621 1374 2710 quidquid

345 2724 456 2790 durius
467 2737 515 2791 est
538 2736 570 2791 et
585 2726 764 2802 morosius,
780 2725 948 2816 repudiato
974 2739 1081 2793 autem
1097 2714 1255 2816 quidquid
1270 2727 1374 2792 bono-

344 2831 471 2896 rificum
492 2845 541 2898 est
565 2844 597 2897 et
617 2831 736 2910 dulce,
760 2839 868 2899 rursus
891 2835 1076 2923 episcopum
1096 2855 1191 2923 agere
1210 2833 1369 2899 sustinuit.

344 2935 504 3006 Defuncto
512 2949 631 3026 patre,
648 2937 740 3025 cidus
755 2919 887 3006 'virtutos
900 2936 1052 3008 laudibus
1063 2939 1228 3008 exornavit
1242 2988 1252 3014 ,
1265 2937 1374 3008 immi-

343 3035 474 3128 nentem
490 3045 607 3109 iterum
619 3043 833 3133 episcopalem
849 3044 1040 3134 dignitatem
1055 3043 1273 3112 declinaturus
1291 3042 1372 3110 dcli-

344 3151 415 3215 tuit.
433 3149 514 3215 Gbrn
525 3164 632 3217 autem
644 3149 996 3241 Constantinopolitana
1008 3163 1184 3218 vastaretur
1196 3151 1235 3218 ab
1250 3149 1374 3219 Arianis

344 3253 508 3329 Ecclesia,
525 3267 557 3318 et
568 3256 721 3320 instanter
731 3257 909 3322 amicorum
922 3256 1001 3321 votis
1013 3268 1181 3346 urgeretur
1195 3279 1288 3333 ‚non
1301 3265 1381 3322 tam'

249 3406 251 3410 ·
343 3364 481 3432 bonores
499 3363 638 3439 veritus,
667 3369 761 3452 quam
784 3363 917 3432 allectus
938 3363 1107 3454 periculis,
1132 3363 1173 3430 ad
1199 3386 1297 3432 novas
1317 3384 1376 3432 ac-

344 3471 468 3536 cinctus
484 3468 651 3544 victorias,
670 3469 797 3538 haeretic
807 3494 900 3538 orum
916 3471 958 3536 ita
974 3467 1089 3538 delusit
1104 3491 1250 3547 errores,
1268 3470 1311 3537 ita
1325 3489 1375 3533 va-

345 3600 404 3646 nos
420 3576 570 3666 repressit
592 3589 744 3654 conatus,
765 3579 808 3643 ita
824 3577 916 3648 falsas
930 3577 1049 3666 repulit
1065 3578 1310 3653 accusationes,
1336 3585 1372 3642 ut

344 3681 543 3750 Theodosius
570 3679 701 3774 Magnus
728 3681 925 3752 Catholicam
951 3669 1051 3752 [idem
1084 3669 1221 3748 veritatis
1249 3681 1370 3752 certior

302 3783 315 3796 ⁸
342 3791 445 3858 lactus
466 3803 702 3880 propugnaret,
727 3793 973 3888 congregatique
996 3789 1151 3888 imperiali
1180 3791 1270 3878 jussu
1284 3788 1376 3878 epis-

293 3893 295 3896 ’
342 3897 414 3988 copi
425 3895 515 3964 illum
531 3899 564 3964 in
581 3898 932 3992 Constantinopolitaui
948 3900 1047 3975 sede,
1068 3903 1150 3968 anno
1164 3899 1243 3972 581,
1260 3895 1381 3964 confir-
