2942 4568
525 369 539 475 J
590 313 723 462 (159)

483 590 652 656 uururouus
677 611 854 656 raucrruu.

195 775 345 860 Plurimae¹
372 777 514 844 Gratiani
539 779 694 846 editiones
720 781 842 858 emissae
868 792 961 856 sunt,
987 781 1068 846 iuter
1094 799 1171 866 quas

145 885 346 973 ⁴praecipuum
367 897 498 951 tuentur
521 883 640 964 locum,
665 911 736 977 quae
751 889 865 954 Romu
878 909 929 952 an.
955 881 1169 964 1'582,4v01.

151 985 281 1065 in-iol.,
305 1001 337 1053 et
364 987 521 1080 Lugduni
547 1013 630 1056 anno
661 993 762 1078 1671,
792 989 894 1058 5101.
920 988 1024 1056 insol.
1051 1009 1174 1054 exousae
1206 1013 1208 1018 ·
1287 1022 1288 1026 ¹

151 1104 235 1156 sunt.
904 1106 906 1110 ’

164 1201 167 1210 “
195 1197 431 1266 celeberrimus
450 1213 559 1267 autem
581 1202 751 1268 Antonius
770 1201 979 1294 Augustinus
1001 1199 1176 1288 Episcopus

44 1393 48 1398 .
152 1303 398 1371 Tarraconensis
415 1305 555 1396 dialogos
567 1308 692 1395 scripsit
705 1307 993 1372 daEmcudutioue
1000 1304 1175 1378 Gratiani,

36 1415 40 1428 '
144 1431 232 1496 opus
249 1409 437 1476 Gratianum
459 1409 636 1500 legentibus
655 1413 895 1489 necessarium,
920 1411 1007 1501 quod
1024 1431 1177 1478 excusum

153 1525 200 1579 est
217 1517 268 1580 an‘.
289 1517 369 1604 1587
387 1516 579 1596 Tarraconi,
603 1531 635 1585 et
653 1519 763 1608 paucis
779 1518 897 1584 abhinc
913 1517 1003 1586 annis
1022 1515 1173 1582 Parisiis.

109 1663 111 1668 ,
153 1617 247 1686 Anno
262 1633 369 1686 autem
393 1624 472 1688 1681
491 1627 669 1692 accuratior
687 1626 806 1714 prodiit
823 1611 968 1714 ejusdem
984 1623 1081 1690 editio
1101 1628 1119 1688 b
1134 1619 1174 1687 1).

153 1725 292 1790 Baiuzio
307 1727 462 1793 coniecta.
532 1785 535 1790 .

623 1917 644 2006 g
668 1917 728 1983 xr.

362 2111 478 2202 Petrus
490 2099 743 2202 Lougoburdus‚
762 2135 853 2178 anuo
872 2115 966 2194 1161.
1034 2189 1041 2203 ,

518 2351 522 2356 ·
592 2337 736 2384 11111111.

90 2563 91 2566 =
133 2535 135 2544 “
200 2522 336 2599 Petrus,
352 2545 449 2610 parvo
465 2521 604 2611 quodam
620 2521 691 2588 vico
706 2519 990 2610 propeNovariam
1006 2520 1038 2584 in
1056 2517 1183 2607 Longo-

157 2627 287 2708 bardifi,
304 2632 391 2696 uudb
406 2629 644 2722 longobardus
659 2630 763 2696 dictus
778 2641 846 2704 est,
872 2627 1044 2705 oriundus,
1067 2628 1184 2716 partim
1217 2653 1221 2660 ·

157 2757 287 2799 emenso
315 2734 347 2798 in
377 2733 584 2802 celeberrima
615 2734 767 2800 Bononiae
799 2733 971 2800 Academi&
1005 2731 1185 2798 studiorum

157 2835 330 2914 curriculo,
346 2838 540 2906 Gallicarum
553 2837 729 2929 theologici
740 2839 825 2904 fami
837 2837 1021 2905 scholarum
1037 2835 1184 2912 allectus,

158 2943 190 3008 in
208 2943 325 3009 Gallias
344 2945 486 3011 discendi
498 2949 593 3012 causi
610 2969 643 3011 se
664 2943 817 3032 contulit,
835 2945 890 3009 ubi
907 2944 1008 3010 sancti
1030 2941 1185 3009 Beruurdi

157 3049 321 3136 primum,
347 3047 462 3120 deiude
491 3056 567 3115 verb
591 3048 733 3116 Gilduini
757 3049 858 3114 sancti
883 3047 1022 3116 Victoris
1052 3046 1186 3114 Abbatis

99 3233 105 3240 .
158 3151 377 3240 'mupifrcentii
399 3149 610 3228 sustentatus,
631 3155 672 3218 ita
693 3154 783 3218 brevi
808 3153 940 3218 scientii
963 3151 1112 3218 inclaruit
1123 3135 1188 3226 ,''ut

158 3259 191 3323 in
208 3257 378 3325 Academii
393 3259 559 3325 Parisiensi
574 3311 583 3337 ,
601 3260 692 3347 cujus
710 3259 859 3342 Praesesb
876 3259 1084 3347 scriptoribus
1108 3280 1187 3324 coae-
1218 3266 1226 3285 '

160 3366 265 3430 taneis·
277 3379 427 3443 vocatur,
438 3367 589 3433 docendae
605 3367 822 3455 praeficeretur
837 3361 1027 3454 Theologiae.
1039 3365 1186 3431 Hiccbm

159 3471 315 3537 Doctores
332 3473 473 3538 immixti
490 3473 563 3538 fidei
580 3475 743 3563 principiis
766 3472 944 3540 Aristotelis
960 3470 1185 3561 philosophici,

42 3655 47 3668 ὓ
158 3576 374 3642 subtilioribus
389 3577 552 3667 indulgere
575 3579 801 3666 quaestiouibus
824 3578 1041 3668 perspiceret,
1065 3588 1188 3642 sancto

160 3689 232 3746 ru'nr
254 3685 431 3748 testimonia
447 3685 599 3762 Patrum,
616 3697 648 3750 et
661 3685 797 3752 maxime
813 3685 986 3750 Beatorum
1000 3675 1160 3748 Ambrosii
1177 3733 1186 3761 ,

158 3787 287 3867 Hilarii,
308 3789 514 3877 Hieronymi,
532 3803 626 3878 atque
639 3789 827 3879 Augustini,
848 3791 933 3858 circb
950 3789 1089 3854 diversas
1106 3790 1189 3854 inter
1295 3869 1297 3874 ,

123 3969 128 3980 ‚
161 3894 512 3997 Scholasticosagitatas
525 3899 712 3986 quaestiones
723 3896 872 3986 colligere
883 3895 1098 3986 ,superpositi
1109 3895 1190 3962 libri
1241 3925 1243 3928 ·
