2940 4570
803 361 937 446 (ηδ’)
986 467 989 475 .

360 486 574 585 philostorgto
594 498 726 561 meritus
749 495 855 562 suerit.
887 497 960 562 llaec
983 497 1067 561 enim
1090 495 1187 561 habet
1210 495 1295 584 apud
1313 490 1390 560 sui-

362 601 463 665 dam:
489 597 634 675 «Scine,
664 599 788 686 inquit,
817 601 875 664 viri
891 600 944 665 isti
966 608 1030 666 tres
1046 609 1300 689 propugnatores
1328 599 1390 664 lto-
1460 665 1461 684 ,

359 734 371 766 s
402 703 647 770 moousiisuere
663 705 812 769 adversus
827 703 1031 769 betmousion
1045 701 1146 770 multo
1165 717 1298 769 caeteros
1326 727 1388 771 au·
1460 685 1461 722 l

362 839 374 871 a
406 807 559 898 tegressi,
586 821 652 874 tam
668 809 723 898 qui
739 831 804 898 prae
827 831 861 873 se
875 807 1023 884 suerunt,
1041 816 1137 898 quam
1150 810 1203 896 qui
1222 807 1263 874 ad
1281 829 1390 873 meam

362 944 375 977 a
406 921 505 1002 usque
531 926 657 979 aetatem
687 925 902 1002 pervenerunt
937 914 1025 979 istius
1056 913 1182 980 baeresis
1209 925 1390 1002 patronos,

244 1075 249 1092 ,
362 1048 375 1081 a
407 1019 486 1084 adeb
519 1029 552 1084 ut
577 1016 767 1084 Athanasius
790 1019 857 1083 istis
879 1017 1014 1083 collatus
1034 1020 1157 1085 censeri
1179 1019 1280 1108 possit
1296 1043 1387 1107 puer.
1461 1081 1462 1090 ,

363 1155 375 1187 ι
407 1127 447 1190 Hi
465 1126 498 1190 in
518 1125 654 1190 externis
676 1122 849 1212 disciplinis
869 1147 963 1213 supra
984 1125 1241 1192 mediocritatem
1258 1149 1392 1214 promo-

365 1257 378 1295 »
409 1231 639 1318 recentiaque
653 1231 750 1296 sacris
765 1229 877 1295 litteris
893 1280 901 1307 ,
918 1231 1004 1319 quod
1018 1231 1058 1296 ad
1074 1231 1248 1298 lectionem
1263 1232 1391 1298 condu-

363 1366 376 1400 s
408 1348 497 1402 ceret
519 1347 551 1401 et
573 1347 792 1424 expromptam
816 1337 1027 1412 memoriam,
1058 1350 1152 1402 erant
1182 1338 1394 1426 experientis-

324 1495 326 1502 ,
364 1470 377 1504 s
408 1441 490 1506 simi.
510 1441 548 1505 ln
570 1441 618 1505 his
634 1441 797 1506 eminebat
809 1439 969 1512 Basilius:
990 1441 1114 1506 etiamsi
1131 1441 1234 1506 insno
1257 1442 1394 1530 quisque

362 1575 378 1609 a
410 1534 1394 1636 generescribendieratappossitissimus.thuidemBasilius
1462 1527 1463 1610 l

365 1683 377 1715 a
409 1654 442 1718 in
458 1653 653 1743 panegyrico
665 1676 781 1741 genere
795 1651 897 1718 multo
907 1653 1166 1740 caeterosoptimb
1180 1652 1344 1730 anteibat,
1360 1663 1394 1717 ut

368 1787 380 1821 a
413 1759 465 1824 cui
488 1758 528 1823 ad
562 1756 706 1846 publicas
729 1758 899 1824 conciones
921 1758 1044 1822 adesset
1063 1757 1190 1845 elegans
1212 1757 1388 1848 ingenium.

365 1895 378 1927 a
410 1863 624 1954 Apollinarius
641 1877 749 1929 autern
766 1865 807 1929 ad
822 1863 1105 1931 commentandum
1124 1863 1293 1952 quidpiam
1312 1866 1393 1930 mire

364 2002 377 2035 »
408 1983 477 2037 erat
504 1971 615 2036 dexter
641 1983 672 2035 et
702 1969 941 2036 accommodus.
973 1967 1014 2034 dt
1043 1965 1198 2057 Gregorio
1228 1968 1269 2034 ad
1294 1959 1395 2058 genus
1463 2041 1464 2044 Ἴ

365 2105 378 2138 a
408 2088 581 2162 utrumque
596 2074 732 2140 feliciter
747 2074 918 2140 exercitato
934 2071 1064 2139 solidior
1079 2074 1125 2139 vis
1137 2074 1332 2163 suppetebat
1355 2075 1397 2139 ad
1463 2065 1464 2068 ¹

365 2211 378 2243 a
393 2199 396 2206 ’
409 2181 591 2260 orationum
606 2180 885 2268 conscriptionem.
898 2181 1081 2268 »Denique
1097 2191 1132 2244 ut
1144 2181 1189 2244 ait
1203 2179 1396 2248 Vincentius
1463 2181 1464 2184 ’

367 2317 379 2350 »
410 2286 608 2361 Lirinensis,
626 2285 703 2374 quid
725 2284 780 2350 illo
802 2287 1023 2374 praestantius,
1040 2286 1208 2362 acumine,
1237 2287 1398 2353 exercita·

312 2456 314 2472 ¹
367 2422 379 2454 a
411 2393 522 2468 tione,
551 2392 696 2458 doctrina
724 2391 868 2472 i'Quam
892 2391 1007 2457 multas
1031 2386 1084 2456 ille
1115 2391 1251 2456 haereses
1287 2389 1398 2460 multis

368 2526 380 2559 n
411 2487 626 2560 voluminibus
641 2496 856 2584 oppresserit,
871 2507 949 2583 quot
964 2495 1112 2562 inimicos
1123 2491 1197 2560 fidei
1211 2494 1397 2562 confutave—
1464 2485 1465 2556 l

368 2607 389 2662 υ·
414 2601 456 2664 rit
471 2619 612 2675 errores,
636 2599 823 2664 indicio‘est
845 2621 927 2687 opus
947 2598 1026 2664 illud
1050 2595 1180 2688 triginta
1200 2621 1267 2664 non
1289 2601 1396 2665 minus
1464 2607 1465 2616 ³

307 2737 311 2740 ·
373 2735 386 2767 t
417 2705 587 2780 librorum,
603 2701 836 2770 nobilissimum
850 2727 888 2772 ac
901 2705 1092 2782 maximum,
1102 2727 1165 2794 quo
1177 2706 1307 2772 insanas
1319 2704 1398 2772 Por·

370 2828 382 2873 a
414 2811 519 2900 phyrii
541 2803 716 2876 calumnias
746 2815 861 2899 magna
887 2810 1114 2898 probationum
1142 2811 1207 2876 fide
1234 2812 1394 2878 contudit.

369 2939 381 2978 s
414 2915 560 3004 Longum
576 2927 623 2980 est
640 2914 783 2979 universa
796 2916 893 3003 ipsius
907 2936 1004 3005 opera
1021 2933 1296 2994 commemorare,
1325 2920 1398 3008 qui-

370 3052 382 3084 »
413 3022 473 3086 bus
495 3017 640 3110 prolecto
663 3021 795 3085 summis
817 3017 1064 3088 aedificatoribus
1085 3021 1234 3094 Ecclesia
1249 3047 1310 3114 par
1327 3047 1398 3092 esse

371 3157 383 3189 ι
413 3125 586 3216 potuisset,
605 3124 664 3188 nisi
676 3122 807 3212 profana
820 3123 872 3190 illai
889 3123 1046 3192 haeretioae
1059 3128 1250 3194 curiositatis
1264 3127 1397 3195 libidine

374 3259 385 3293 t
418 3229 654 3296 novum'nesoio
665 3227 741 3314 quid
753 3227 978 3305 adinvenisset,
994 3253 1058 3319 quo
1073 3241 1105 3296 et
1124 3244 1257 3298 cunctos
1272 3231 1399 3300 labores

372 3367 384 3399 t
416 3327 761 3421 suosvelutcujus'dam
770 3332 865 3422 leprae
880 3333 1075 3402 admixtione
1085 3334 1237 3413 faedaret,
1260 3351 1398 3416 etcom·

373 3473 385 3505 t
417 3443 570 3518 mitteret,
581 3433 620 3505 'ut
632 3439 927 3529 doctrinaejnsnun
939 3453 1005 3507 tam
1020 3441 1201 3520 aedilioatiu,
1215 3451 1315 3533 quam
1325 3459 1398 3511 ten-

287 3559 289 3564 '
372 3580 384 3614 a
418 3549 495 3614 tatio
505 3549 612 3638 potibs
625 3545 838 3615 ecclesiastica
851 3548 1022 3616 diceretur.
1035 3577 1047 3611 a
1060 3549 1277 3636 (Cornmonit.
1291 3575 1319 3618 c.
1330 3573 1341 3617 r
1353 3552 1395 3636 ι.)

418 3657 584 3721 Perierunt
596 3665 703 3720 tamen
716 3656 821 3719 omnia
834 3653 938 3722 soluto
950 3671 1096 3722 sermone
1112 3657 1241 3746 scripta,
1256 3665 1275 3723 a
1295 3657 1401 3724 Chris·

325 3755 334 3780 ⁸
373 3761 466 3826 tianis
495 3747 725 3850 sarapropter
751 3760 877 3826 haeresis
904 3761 1070 3828 horrorem
1099 3761 1231 3828 minime
1258 3761 1399 3830 exculta.

375 3865 526 3955 Superest
542 3869 666 3931 tantum
679 3863 880 3934 Psalmorum
896 3867 1059 3933 modulata
1081 3868 1183 3932 versio
1199 3920 1207 3943 ,
1224 3891 1291 3934 non
1308 3870 1400 3958 iguo-
