2940 4570
503 401 515 485 (
543 403 601 464 115
627 405 636 487 l

102 537 161 606 lllo
182 537 332 613 absente,
356 537 388 602 iu
411 539 481 624 ejus
504 535 610 603 locum
627 543 644 600 a
662 535 848 602 Constantio
871 533 1069 604 substituitur

52 643 160 707 Folia
174 692 184 718 ,
198 641 300 707 dictus
316 640 364 716 11,
381 663 477 728 quem
495 645 645 727 tanquam
660 637 776 704 hiberii
792 639 942 706 vicarium
958 637 1071 706 Eccle-

53 743 139 807 siam
160 743 334 810 Romanam
347 744 464 808 rexisse
474 742 619 808 nonnulli
632 742 766 808 credunt
776 792 786 818 ,
796 741 847 808 alii
864 756 968 810 autem
982 767 1073 832 pseu*

54 850 307 936 dopontificihus
342 862 576 924 annumerant,
611 847 716 937 plures
754 847 956 916 nihilominus
990 851 1073 916 inter

54 951 195 1018 Sanctus
222 967 409 1030 recensent,
434 966 563 1042 propter
592 965 695 1018 actam
719 960 817 1028 sane,
850 955 875 1020 si
901 955 1070 1028 erraverit,

53 1059 288 1145 poenitentiam.
308 1057 369 1124 An.
390 1057 451 1124 565
469 1057 636 1122 defunctus
651 1070 707 1122 est.
806 1113 812 1122 .

102 1165 275 1252 Postquam
291 1176 400 1230 sancta
417 1163 506 1230 sedes
523 1163 715 1252 aliquamdiu
734 1169 895 1240 vecisset‘,
916 1161 1075 1230 extollitur
1106 1149 1112 1162 ’

51 1272 91 1336 S.
118 1269 302 1346 Damasus,
330 1271 510 1358 Hispanus,
534 1269 587 1336 cui
614 1269 728 1334 frustra
748 1271 918 1336 Ursicinus
943 1267 1077 1359 pseudo·
1132 1255 1138 1262 ⁸

51 1375 200 1463 pontifex
218 1399 341 1442 sacram
361 1375 533 1466 praeripere
555 1374 740 1440 cathedram
764 1385 896 1444 conatui
918 1385 975 1440 ost.
1002 1374 1077 1450 Post

59 1479 100 1543 18
117 1477 323 1565 pontificatils
337 1502 438 1544 annos
454 1479 487 1544 in
505 1501 583 1566 pace
598 1478 716 1565 quierit
729 1499 781 1542 an.
798 1476 873 1554 584.

99 1582 139 1646 S.
153 1583 298 1647 Sinicius
312 1632 320 1658 ‚
334 1582 515 1659 Romanus,
542 1584 580 1660 tl
595 1579 769 1670 Apostolici
784 1579 951 1646 ministerii
970 1603 1077 1658 anno,

55 1685 177 1754 Christi
207 1699 315 1754 autem
342 1689 426 1776 598,
454 1687 604 1752 damnato
638 1685 830 1760 Joviniano,
858 1685 929 1752 vita
957 1695 1073 1752 sanctae

57 1779 209 1858 sanctum
219 1791 481 1880 finemimponit.
621 1789 624 1796 ’

101 1895 141 1958 S.
159 1896 360 1962 Anastasius
372 1897 406 1972 l,
425 1895 605 1972 Romanus,
630 1894 670 1959 ah
689 1893 883 1982 Hieronymo
900 1893 957 1958 vir
975 1894 1081 1982 iusig-

56 2001 114 2064 nia
128 2013 258 2068 vocotus
270 2051 279 2078 ‚
292 2004 468 2092 incaptum
484 2017 597 2092 quarto
613 2001 722 2070 seculo
737 1997 923 2090 pontificale
938 2021 1054 2064 munus
1070 2045 1080 2072 ,

56 2105 173 2192 quinto
188 2129 283 2194 agere
293 2121 486 2196 perseverat.

523 2307 544 2397 g
569 2309 633 2376 ιιι.

397 2511 429 2576 E
430 2512 552 2577 cotesto
566 2511 762 2606 aduersarii.

105 2715 201 2782 lotor
220 2713 396 2786 Ethoiaos,
423 2710 582 2776 Julianus
601 2711 785 2797 Apostata,
811 2731 875 2775 non
896 2713 1083 2778 auctoritate

61 2827 188 2887 tanthm
205 2873 214 2896 ,
234 2821 289 2886 sed
304 2832 336 2884 et
355 2817 479 2904 scriptis
491 2813 695 2881 christianam
710 2813 895 2904 religionem
913 2819 1082 2910 impugna-

60 2933 117 2996 vit.
132 2931 230 2996 Intar
243 2928 409 2994 haereticos
423 2937 455 2989 et
470 2921 715 2996 schismaticos,
734 2925 870 2992 maxime
886 2949 1084 2994 commemo-

61 3035 154 3100 randi
183 3035 390 3107 Donatistae,
422 3029 572 3114 Ariani,
610 3027 867 3108 Macedoniani,
900 3035 1095 3118 Αιιοιιιιιεί,Ι

63 3140 228 3214 Aeriant,
252 3135 469 3210 Photiniani,
495 3133 710 3210 Messaliani,
728 3131 958 3224 Luciferiuni,
986 3123 1086 3227 Affini-

63 3243 250 3316 linuristoe,
267 3237 533 3305 Priscillianistae
548 3288 556 3312 ,
572 3237 826 3315 Jouiniaaistae,
846 3239 1080 3332 Collyridiaoi.

112 3354 157 3410 1.·
178 3347 382 3416 Donatista,
400 3343 593 3409 schismatici
609 3343 747 3429 primum
759 3357 891 3432 propter
902 3341 1085 3412 ordinatum

64 3463 178 3518 contra
196 3451 343 3516 Canones
360 3449 549 3536 Majorinum
574 3447 856 3536 Carthaginensem
875 3452 1080 3542 episcopum,

65 3556 206 3621 haeretici
219 3555 334 3622 deinde
352 3555 422 3618 idel>
441 3554 516 3620 facti
529 3567 620 3629 sunt,
634 3553 720 3642 quod
737 3551 889 3620 collatum
906 3570 1001 3623 extra
1021 3559 1085 3624 Eo·

65 3643 198 3726 alesiam
214 3659 370 3746 baptisma
382 3657 562 3722 iterandum
576 3679 661 3733 esse,
684 3655 920 3748 Ecclesiamque
937 3659 1086 3726 ubicum-

66 3787 129 3851 que
144 3775 306 3828 terrarnm
321 3762 532 3836 exstinctam,
549 3760 660 3827 nullibi
677 3812 686 3837 ,
700 3761 760 3826 nisi
773 3763 858 3850 apud
870 3789 904 3830 sc
918 3817 926 3842 ,
954 3767 1086 3854 reperiri

67 3865 300 3934 contenderent
310 3890 319 3938 ;
343 3865 500 3932 famosum
526 3865 585 3930 sibi
602 3863 772 3953 sacrilegiis
788 3888 905 3932 nomen
921 3892 1089 3956 compara-
