2942 4568
535 347 671 432 (45¹)

17 534 23 564 .·
72 485 209 552 rissima
231 486 353 562 virtutis
376 485 550 574 specimina
576 486 615 550 ab
633 484 762 550 infantia
776 481 931 581 protulit?
955 485 1109 574 invisique

11 611 22 650 ι
74 591 198 654 muudi
213 592 321 680 fugam
335 589 389 657 diu
404 587 659 679 praemeditatus',
680 613 733 654 sex
748 588 898 654 fratribus
914 612 1025 656 secum
1040 590 1109 680 plu-

11 714 20 758 ι
73 697 238 785 cibusque
261 697 355 766 simul
366 697 572 764 familiaribus
592 698 625 762 in
643 686 730 762 illem
741 697 939 784 propositum
953 698 1108 774 inductis,

11 825 23 862 t:
75 827 170 868 anuo
190 806 275 890 ιιιὸ
288 854 296 879 ,
310 805 342 870 in
359 805 567 870 Cisterciense
583 803 811 868 monasterium
826 807 926 892 prope
942 805 1110 870 Diviouem

11 911 23 971 ἰ
73 912 214 978 secessit
228 908 241 988 ,’
262 913 354 1000 cujus
370 911 486 978 ·Abbas
514 911 694 1000 Stephanus
719 911 899 1001 Hardingus
927 926 1110 1002 susceptum

11 1039 23 1077 s
76 1040 159 1082 cum
176 1017 281 1086 laetitia
295 1019 495 1084 Bernardum
518 1017 760 1084 Claramvallem
777 1042 841 1084 nou
860 1020 902 1084 ita
919 1020 1019 1086 multb
1039 1030 1111 1110 post
1154 1067 1158 1074 -

11 1151 25 1188 rr
78 1124 267 1214 deputavit,
281 1126 381 1214 quiin
394 1125 537 1190 nascenti
550 1126 742 1190 monasterio
753 1176 762 1202 ,
775 1127 884 1215 junior
895 1125 989 1204 licet,
1003 1127 1110 1193 Abba·
1187 1187 1191 1190 .

11 1257 25 1312 ι
77 1229 123 1321 tis
143 1230 266 1296 vicibus
281 1229 477 1317 fungeretur.
500 1229 527 1294 Α
548 1227 718 1328 Guillelmo
732 1227 944 1318 Campellensi
962 1230 1111 1296 Catalau-

11 1362 24 1399 r.
79 1337 176 1400 nensi
203 1336 360 1424 Episcopo
390 1343 476 1405 saort
511 1335 735 1405 benedictione
763 1349 984 1414 consecratus,
1007 1343 1112 1426 neque
1201 1366 1209 1378 ·

11 1443 25 1507 r}
80 1442 160 1506 novi
172 1451 313 1508 mutatus
330 1443 470 1522 muueris
486 1441 626 1517 honore,
644 1443 755 1531 saepiirs
771 1456 955 1533 usurpatam
967 1459 1112 1534 repetere

11 1573 26 1612 n
81 1567 163 1615 uon*
177 1549 348 1616 desistebat
369 1548 526 1636 loquelam
545 1573 553 1614 :
572 1549 763 1624 Bernardc,
780 1551 825 1614 ud
852 1552 934 1636 quid
959 1553 1114 1618 usnimi?

85 1655 137 1720 lbi
153 1655 212 1744 pro
224 1658 312 1724 victu
326 1653 490 1744 pulmenta
507 1655 619 1742 saepibs
643 1678 682 1720 ex
695 1655 794 1731 foliis,
811 1659 952 1744 panisex
970 1661 1111 1736 hordeo,

11 1765 26 1826 h
84 1759 176 1824 utilio
199 1773 231 1825 et
250 1761 353 1837 nisisi,
374 1759 510 1824 humiles
526 1783 626 1852 casae,
646 1759 784 1824 solitudo
808 1762 918 1850 iugens
939 1765 972 1828 in
995 1771 1110 1854 magnai

18 1871 25 1932 Ξ
84 1863 220 1929 fratrum
253 1863 479 1940 multitudine,
512 1863 691 1951 silentiique
716 1877 803 1930 tanta
826 1867 1050 1947 observantia,
1078 1885 1113 1936 ut
1151 1899 1158 1918 ι

11 1977 24 2039 n
85 1985 203 2060 praeter
224 1957 436 2038 laborantium
455 1973 603 2061 strepitus
624 1985 656 2038 et
677 1997 771 2040 voces
787 1971 989 2040 laudantium
1009 1977 1136 2070 Deum,
1195 1985 1200 1992 '

11 2116 24 2144 ,ι
86 2077 169 2144 nrhrl
182 2079 306 2167 penitus
320 2081 496 2149 audiretur
565 2139 567 2145 .

11 2189 23 2253 lt
132 2185 253 2250 Tantus
268 2187 388 2252 interea
404 2188 529 2252 virtutis
549 2188 630 2253 odor
645 2151 901 2265 diffundebatur,
919 2202 954 2254 ut
971 2192 1112 2280 undique
1139 2195 1141 2200 ’

11 2303 21 2360 ι’,
89 2291 290 2368 diffluerent,
308 2316 363 2379 qur
354 2293 446 2357 Deo
461 2291 519 2358 soh
535 2294 652 2358 servire
669 2293 843 2358 inhiabant.
861 2295 963 2361 Unde
958 2297 1113 2386 Prophe

88 2398 159 2462 ticae
174 2399 390 2485 promissionis
406 2399 665 2495 benedictionem
679 2399 829 2488 adeptus:
841 2403 929 2466 Filii
941 2405 990 2466 tui
1002 2404 1113 2469 dicent

88 2503 175 2568 tibi:
187 2504 359 2594 Angustus
369 2521 414 2569 est
428 2503 491 2568 mil
489 2527 514 2567 ιι
507 2506 637 2580 locus,
654 2506 708 2592 fue
723 2507 868 2594 spatium
879 2507 1114 2574 mitissimos·-

42 2651 47 2657 ·
91 2626 178 2684 tem,
207 2611 267 2676 alia
292 2623 478 2676 construere
498 2612 690 2678 monasteria
708 2626 857 2688 coactus,
879 2613 1029 2703 plurima,
1053 2619 1125 2683 sub
1201 2633 1204 2640 '

92 2710 279 2786 Claraevallis
294 2717 402 2782 matris
415 2717 533 2793 tutela,
554 2717 708 2783 virtutum
722 2718 856 2808 hospitia
875 2721 1029 2788 condidit
1089 2749 1092 2758 ¹

135 2820 443 2888 ConsiliisTreoensi
456 2838 539 2888 anno'
552 2847 562 2887 ι
574 2828 647 2901 128,
656 2837 688 2890 et
698 2822 1014 2893 Catalauuensianuo
1030 2853 1039 2892 ι
1053 2853 1112 2918 ¹29

11 2965 13 2975 ·
90 2923 282 2992 sMatshaeo
311 2926 482 2994 Albanensi
510 2931 667 3019 Episcopo
695 2944 726 2996 et
750 2929 910 2997 Cardinali
944 2933 1112 3002 celebratis
1179 2940 1184 2952 '

91 3028 244 3117 interfuit,
262 3033 295 3096 in
319 3057 455 3122 quorum
479 3035 586 3126 priore
610 3031 797 3124 Templariis
823 3035 976 3104 militibus
1003 3039 1111 3128 regula
1208 3122 1211 3127 Ι
1311 3089 1314 3093 ,

70 3202 75 3208 p
91 3137 271 3225 praescripta
282 3151 338 3202 est.
352 3139 457 3204 Divisa
467 3190 476 3215 ‚
485 3152 557 3227 post
570 3141 744 3216 Honoriill
757 3154 913 3218 mortem,
927 3143 1009 3210 inter
1018 3145 1109 3224 lnno·
1197 3169 1201 3176 ·

92 3238 229 3304 centium
243 3240 313 3305 llet
322 3241 453 3311 Petrum
462 3243 501 3308 de
514 3243 619 3310 Leone
624 3245 697 3330 ,qui
710 3257 741 3308 et
754 3243 944 3323 Anaoletus‚
956 3248 1109 3325 Ecclesia,

92 3347 164 3406 cum
181 3340 247 3408 Rex
259 3356 292 3408 et
307 3345 472 3412 Antistites
483 3360 594 3414 coacto
605 3347 690 3436 apud
701 3348 852 3470 Stampas
869 3349 1012 3419 Concilio
1029 3355 1110 3419 anxii
1167 3356 1169 3360 ’

11 3499 13 3510 .
93 3431 282 3518 fluctuarent
293 3451 476 3540 ,totiusque
490 3475 535 3517 rer
528 3453 700 3542 ambages
713 3455 1112 3524 aduniusBeruardiarbi-

93 3551 191 3615 trium
213 3551 418 3620 dissolvendae
444 3557 661 3635 deferrentur,
685 3560 923 3626 Innocentium
918 3561 1111 3658 legitimum
1220 3641 1223 3647 ¹
1312 3641 1316 3648 ⁴

93 3679 156 3721 esse
179 3655 211 3721 S.
238 3657 340 3724 Petri
346 3685 563 3728 successorem
578 3663 761 3744 declaravit.
778 3665 949 3740 Caiatiam
966 3669 1004 3732 ab
1022 3665 1112 3734 ltalia

93 3762 124 3826 in
134 3761 247 3828 Gallias
261 3765 444 3834 deflectenti
455 3767 610 3834 Carnutas
622 3776 723 3858 usquo
732 3791 838 3836 comes
847 3769 947 3841 fidelis
960 3774 1109 3849 adhesit,

94 3867 325 3938 ubiHenricum
334 3872 454 3962 Angtiae
462 3872 581 3963 Regem
591 3871 697 3964 partes
707 3873 848 3942 Anacleti
861 3899 934 3942 curn
948 3878 1111 3971 Episcopis
