2960 4592
178 453 373 549 SergiosIIl
386 469 528 548 quatuor
542 458 636 528 annis
650 453 880 534 Pontificatum
895 452 995 544 gerit,
1005 449 1166 520 Ioannem

132 557 182 624 IX
201 559 334 652 ejusque
348 583 546 654 successores
567 560 628 626 sihi
644 558 722 626 olim
736 559 924 650 praepositos
935 555 1164 648 pseudo-pon-

132 657 246 734 tifices*
271 667 356 736 male
386 667 509 746 habet,
537 665 758 756 Formoscque
783 665 877 756 Papae
903 663 1069 740 infensus,
1096 681 1167 750 quae

135 769 316 862 Stephanus
335 771 380 843 VI
392 785 504 852 contra
520 771 611 842 illuns
626 783 888 864 perpetraverat,
904 768 1086 862 approhare
1100 788 1166 832 nou

133 890 271 946 veretur.
290 863 426 946 Moritur
443 903 530 948 anno
546 902 585 969 91
596 904 623 946 1.

179 986 380 1056 Anastasius
391 987 439 1054 III
454 987 581 1076 duobus
592 987 685 1058 annis
697 984 848 1057 Ecclesia
862 984 1023 1080 sapienter
1033 991 1169 1080 preest,

13 1137 14 1172 p
134 1089 230 1157 idest
246 1094 345 1180 usque
362 1093 403 1158 od
419 1116 541 1160 annum
557 1095 633 1183 915.

93 1205 94 1210 ’
177 1197 236 1266 Illo
253 1199 406 1268 dciunoto
421 1201 550 1291 eligitur
565 1201 704 1280 Laudo,
723 1203 778 1292 qui
794 1225 850 1272 sex
861 1200 1025 1271 mensibus
1040 1200 1169 1266 tantum
1192 1281 1194 1288 Ι

134 1303 363 1374 Pontificatum
377 1291 600 1376 dehonestavit
613 1312 698 1376 caat
709 1331 784 1398 erga
792 1305 998 1376 Theodoram
1006 1313 1167 1376 veterem,

133 1407 278 1478 Marosiae
293 1423 445 1490 matrem,
462 1413 674 1502 subjectione.

180 1511 357 1582 Theodora
370 1517 528 1606 junioris,
552 1517 764 1609 precedentis
782 1515 856 1585 filiae
867 1567 885 1594 ,.
902 1514 1017 1587 astutia
1041 1509 1170 1602 eligitur

133 1618 284 1687 Ioannes
294 1621 341 1701 X,
351 1623 419 1712 qui,
436 1623 512 1692 lieet
528 1625 658 1714 indigni
675 1624 726 1690 via
742 1624 784 1690 ad
798 1621 1026 1691 Pontificatum
1040 1641 1169 1710 promo·

135 1738 206 1804 tus,
227 1725 319 1794 illum
336 1739 444 1796 tamen
464 1729 601 1820 pacifice
612 1741 740 1796 exercet
758 1752 817 1819 per
835 1731 876 1808 14
895 1749 1006 1794 annos.
1026 1725 1173 1798 MarosIae.

10 1913 11 1916 Ἴ
135 1843 256 1910 autem,
274 1827 454 1900 Theodorae
470 1833 588 1900 sororis
598 1882 607 1910 ,
617 1831 692 1898 odio
708 1833 904 1922 exagitatus,
922 1829 976 1898 illa
991 1830 1168 1908 suadente,

9 2016 10 2020 Ἰ
134 1942 152 2005 d
168 1937 243 2005 Vito
258 1938 405 2026 ejusdem
424 1939 583 2028 conjuge,
604 1937 813 2028 Hugonisque
827 1937 943 2012 fratre,
953 1935 987 2002 in
1002 1958 1170 2006 carcerem

9 2031 10 2040 ἵ
136 2044 325 2132 conjectus,
341 2043 554 2112 suffocatione
565 2045 735 2136 perimitur
750 2066 836 2112 anno
852 2043 929 2138 928.

179 2151 243 2220 Leo
258 2151 328 2229 VI,
346 2152 417 2242 ejus
435 2161 622 2228 successor,
639 2163 712 2240 post
723 2173 780 2220 sex
790 2172 917 2218 menses
928 2161 1034 2218 morte
1043 2133 1171 2242 percul-

8 2339 9 2344 ἵ
136 2278 190 2322 sus
205 2305 215 2332 ,
231 2253 341 2322 sedem
357 2253 448 2322 elteri
463 2253 616 2344 relinquit
631 2277 715 2320 anno
731 2253 815 2342 929>

8 2355 9 2364 ’
181 2359 436 2448 StephanusVII
445 2359 733 2450 ann0951paritcr
741 2358 892 2430 Ecclesia
901 2359 1170 2430 administrationi

135 2463 346 2532 subtrahitur.

178 2571 329 2640 Ioannes
341 2571 391 2642 XI
407 2594 474 2642 non
489 2570 591 2663 Sergii
610 2571 677 2650 III,
694 2584 731 2638 ut
748 2594 788 2638 ex
806 2570 953 2662 populari
973 2572 1058 2640 foma
1079 2571 1171 2642 Liut-

134 2674 276 2767 prandus
300 2677 423 2756 refert,
447 2675 504 2744 sed
530 2675 672 2744 Alherici
698 2675 820 2768 Spoleti
846 2677 946 2746 Ducis
969 2689 1002 2743 ct
1025 2675 1171 2748 Marosias

134 2781 234 2861 filius,
248 2782 424 2873 regendam
436 2780 635 2866 Ecclesium,
652 2785 694 2852 25
706 2795 910 2855 annosnatus
921 2783 1049 2863 ,matris
1061 2795 1172 2868 auoto-

135 2893 230 2960 ritate
248 2891 401 2982 suscipit,
418 2889 475 2960 sed
489 2890 530 2958 ah
548 2889 700 2960 Alhcrioo
717 2891 864 2983 ejusdem
882 2890 1027 2958 Marosiae
1048 2888 1115 2958 Iilio
1137 2891 1172 2960 in

135 3021 385 3070 carceremcum
393 3011 497 3068 matre
505 3000 694 3091 conjectus,
705 3022 789 3068 anuo
800 3000 1063 3090 956extremum
1074 2998 1170 3070 exha-

136 3103 182 3176 las
196 3107 355 3198 spiritum.

184 3213 249 3281 Leo
270 3213 332 3282 VII
349 3212 499 3282 collatam
514 3213 633 3282 summi
655 3213 821 3285 Pontificis
840 3215 1031 3306 dignimtem
1051 3213 1170 3282 inritus

134 3317 195 3388 sihi
209 3317 332 3410 imponi
346 3320 486 3410 patitur,
512 3317 1165 3412 zeloqucetrirtutihusinsiguismortem
1240 3342 1242 3347 ·

138 3424 231 3496 cuius
246 3425 316 3494 obit
330 3449 417 3494 anno
428 3427 505 3516 959.

182 3534 370 3624 Stephanus
380 3533 457 3603 VIII
472 3546 588 3625 quarto
603 3535 811 3626 Episcopaths
826 3555 931 3612 anno,
948 3531 1068 3600 Christi
1082 3534 1171 3623 945.

118 3667 119 3672 ’
138 3642 251 3708 transit
272 3641 314 3708 ad
333 3643 449 3710 Deum.
1006 3715 1018 3728 ,

180 3749 352 3840 Marinio,
368 3763 425 3820 aut
439 3751 594 3819 Martinus
601 3751 666 3829 111,
682 3764 754 3842 post
767 3763 832 3818 tres
844 3748 1169 3822 sanctiPoutiIioaths
1229 3806 1231 3810 .

139 3877 259 3937 annos,
278 3881 362 3928 anno
379 3859 444 3948 946
459 3859 531 3926 vitae
545 3857 645 3927 finem
660 3858 792 3928 inv-enit.
