2990 4570
535 373 670 460 (ιιι)

89 509 130 576 ad
141 509 360 598 pugnamvium
372 509 501 578 insilivit
509 535 519 584 ς
533 531 598 576 ιιοιι
609 512 698 600 prius
708 521 817 576 tamen
830 513 944 598 qutm,
956 501 1117 598 propositi

86 639 189 706 pace,
210 615 397 704 scriptisque
407 617 591 705 mitioribus
607 616 767 708 epistolis,
783 617 973 684 dissidentes
985 615 1026 680 ad
1036 635 1118 682 con-

87 719 233 786 cordium
253 719 361 786 hostes
378 709 529 790 relocare
540 724 721 790 tentaverit.
738 722 822 788 (lum
835 733 942 788 autem
953 719 1034 787 nihil
1045 741 1118 810 pro·

85 822 202 890 ficeret
218 822 415 912 Evangelicae
431 826 596 892 sententiae
612 849 676 892 non
698 826 870 892 immemor
885 848 893 890 ε
911 823 952 890 Si
963 839 994 888 tc
1010 823 1117 910 (rom

86 952 158 995 non
172 929 337 1006 antarta,
349 931 405 996 dic
417 931 592 1008 Ecclesia
610 955 773 998 summum
784 929 974 997 Pontificem
989 927 1112 995 Coelcs-

85 1037 191 1102 tinum
208 1034 380 1105 certiorem
395 1035 473 1102 facit
487 1035 530 1102 de
544 1037 635 1102 novis
650 1035 725 1114 illis,
738 1059 809 1124 quae
825 1036 858 1102 in
875 1033 1017 1102 Ecclesii
1029 1057 1115 1126 gras·

87 1163 150 1206 sarr
141 1138 363 1228 incipiebant
385 1140 570 1215 erroribusa
562 1139 728 1208 ·Romae
720 1143 818 1229 igitur
835 1142 1011 1206 convocati
1030 1161 1115 1206 anno

83 1248 151 1327 tto
164 1243 288 1336 synodo
301 1243 505 1322 Caelestinus,
522 1246 702 1314 Nestorium
716 1245 821 1313 tsede
833 1225 1076 1334 repellendum
1067 1269 1116 1333 pu·

84 1353 229 1432 dicavit,
257 1363 432 1440 sanctoque
459 1350 580 1442 Cyrillo
610 1351 699 1419 dedit
724 1351 920 1441 exequendae
950 1355 1116 1421 sententiaa

80 1460 283 1528 mandatum.
310 1460 384 1542 Quo
404 1473 574 1550 suscepto,
596 1462 721 1551 scriptis
743 1463 860 1530 iterium
883 1460 924 1526 ad
956 1460 1115 1530 loannem

82 1568 344 1645 Antiochenum,
361 1567 584 1657 loannomquc
600 1568 928 1660 Hierosolymitanum
946 1571 1112 1666 epistolis,

81 1687 120 1742 ut
134 1687 298 1742 errantem
309 1675 350 1740 ad
365 1673 497 1741 meliore
513 1699 666 1742 rovocare
681 1688 896 1754 conarentur,
909 1685 983 1746 oum
1000 1681 1113 1768 scapilos

79 1782 137 1851 ille
163 1781 344 1848 admonitus
368 1787 490 1848 temere
510 1781 635 1870 prolatu
661 1793 837 1850 retrectare
861 1782 987 1862 nollet,
1014 1784 1114 1850 alteri

80 1889 197 1956 eodem
224 1911 277 1953 an.
304 1887 497 1968 acolabus
525 1887 612 1976 apud
635 1887 812 1977 AEgyptum
835 1889 979 1977 synodo,
1000 1889 1115 1956 Nesto·

80 1995 168 2060 rium
179 1993 331 2070 tandem,
348 1993 508 2060 nisi-intra
525 1994 679 2081 temporis
695 1994 835 2083 spatium
848 1993 1012 2062 Coelestini
1030 1995 1115 2084 epis*
1204 2010 1211 2035 ⁸

82 2100 150 2168 tola
180 2098 348 2188 praefixum
377 2119 501 2163 errores
527 2096 724 2186 denegaret,
749 2099 929 2166 sacerdotio
952 2100 1114 2190 dejectum

79 2205 267 2274 declaravit.
280 2203 446 2294 Proposita
461 2202 556 2269 simul
571 2203 717 2272 Nestorio
732 2203 808 2274 fidei
822 2207 976 2294 protessio
994 2205 1114 2273 Catho-

79 2313 165 2390 lica,
187 2333 264 2377 eum
276 2308 448 2394 duodecim
466 2306 740 2376 anathematismis
759 2324 776 2374 a
797 2309 831 2376 S.
848 2309 969 2399 Cyrillo
985 2333 1115 2400 compe

68 2419 165 2503 sitis,
182 2417 238 2506 qui
250 2416 290 2481 ab
305 2411 525 2481 Orientalibus
536 2415 702 2503 Episcopis
714 2415 848 2481 minime
858 2417 985 2505 probati
996 2439 1113 2484 novam

79 2523 200 2594 deinde
214 2521 397 2612 disputandi
417 2544 527 2588 ansam
542 2522 761 2610 praebueruut.

128 2629 197 2700 Nec
211 2627 283 2694 ideo
298 2626 396 2694 finitas
412 2627 622 2714 qua-stiones,
638 2651 716 2716 quas
732 2641 768 2694 ut
781 2642 990 2720 componeret
1004 2629 1113 2697 Theo-

80 2739 191 2807 dosius
203 2735 401 2825 Imperator,
418 2757 530 2802 omnes
548 2733 689 2802 Orientis
707 2737 901 2827 Episcopus,
918 2740 984 2804 imo
999 2750 1032 2806 et
1045 2738 1112 2805 Oc-

79 2842 256 2916 cidentales
271 2839 448 2932 plurimos,
473 2853 685 2933 sanctumque
705 2845 881 2932 praesertim
897 2844 1112 2934 Augustinum

81 2955 124 3024 ad
144 2952 270 3044 plenius
293 2945 468 3046 concilium
491 2948 604 3014 eodem
627 2971 712 3016 anno
732 2951 797 3030 atto
824 2949 1031 3022 convocavita
1059 2950 1110 3016 cui

80 3055 390 3127 defunctus'tnterea
407 3049 603 3142 Augustinus
619 3054 731 3120 adesse
745 3077 811 3121 non
823 3056 936 3145 potuit.
953 3055 1026 3122 Jam
1044 3054 1112 3122 dies

80 3163 209 3258 synodo
219 3159 367 3252 praelixus
379 3160 573 3235 advenerat
588 3160 655 3250 jam
667 3173 740 3250 post
755 3161 843 3228 hunc
855 3161 940 3230 diem
952 3161 1005 3229 alii
1016 3163 1112 3251 quin-

82 3273 192 3344 decim
206 3269 416 3344 effluxerant,
429 3266 694 3356 citmpraesidaS.
712 3265 853 3357 Cyrillo,
867 3267 1001 3357 AEgypu
1012 3268 1111 3334 Asiae·
1125 3276 1128 3280 ’

82 3405 147 3473 que
174 3375 359 3468 Episcopi
350 3398 383 3440 sn
411 3373 548 3442 concilio
576 3373 706 3442 tandem
728 3373 904 3450 sederunt,
928 3379 1113 3474 quanquam

82 3497 203 3556 sanctae
218 3481 300 3550 sedis
316 3479 461 3547 noudum
473 3478 620 3546 adessent
630 3479 757 3566 Legati,
770 3485 954 3567 quanquam
971 3477 1121 3568 Orientis

80 3590 234 3685 Episcopi
257 3586 393 3657 adhuc
384 3609 418 3652 ιιι
441 3586 490 3654 via
507 3585 747 3662 detinerentur,
767 3590 950 3676 quanquam
975 3583 1114 3670 denique
1238 3644 1240 3648 ,

84 3697 248 3787 sexaginta
262 3705 337 3761 octo
352 3693 502 3781 Episcopi
519 3689 706 3758 dilationem
721 3701 916 3782 repeterent.
936 3687 1019 3752 Gum
1037 3691 1112 3752 vert)

81 3808 317 3898 Episcoporum
332 3801 493 3876 absentia,
510 3823 575 3866 non
592 3799 653 3864 nisi
671 3797 712 3864 ud
726 3796 939 3864 differendum
954 3792 1113 3889 judicium

82 3909 287 4004 precogitata
298 3905 480 3983 videretur,
496 3906 634 3993 incoeptt
651 3902 795 3996 synodo,
812 3913 861 3966 ter
872 3901 960 3989 juxta
974 3921 1112 3979 canonae
