2990 4570
830 323 965 409 (274)

381 477 393 518 t
421 455 612 545 professioni
641 456 878 524 necessarias.»
912 457 976 544 (da
1003 455 1034 521 V
1036 457 1079 521 ir.
1119 457 1250 546 illator.)
1280 453 1413 523 Photius

379 573 501 628 autem:
514 559 658 638 «Tanta,
677 561 800 650 inquit,
819 561 908 652 (ejus
924 561 1093 650 operibus)
1109 563 1154 628 vis
1170 563 1253 630 inest
1269 563 1410 650 aequasi

379 694 392 728 ι
422 665 591 744 divinitas,
609 679 645 732 ut
662 669 741 734 etin
757 667 844 733 bunc
860 673 962 756 usqub
978 665 1086 742 diem,
1105 668 1131 734 si
1150 668 1221 758 quis
1236 668 1411 736 monacho-

353 783 390 836 ἰ
419 797 492 840 rum
508 788 685 842 conventus
706 773 769 842 balo
791 798 831 840 ex
847 776 949 842 forma
972 788 1005 841 et
1028 775 1117 844 hisce
1139 774 1409 866 praeceptionibus

376 905 388 941 a
418 880 631 970 gubernetur,
649 885 759 946 revera
777 881 931 972 tantisper
944 880 1072 958 ssoreat,
1091 882 1279 972 caeterisque
1293 879 1410 970 praelu-

376 1013 389 1048 ι
418 1010 494 1054 cens
511 989 666 1055 virtutum
688 1009 758 1052 esse
774 987 901 1054 officina
919 983 1176 1078 cernaturacbm
1193 988 1249 1078 qui
1273 987 1346 1054 haec
1360 1011 1409 1078 re-

375 1119 388 1154 a
416 1087 557 1182 pudiarit
581 1105 707 1168 coetus,
735 1092 840 1180 parvis
862 1091 1054 1180 quibusdam
1073 1093 1240 1160 *virtutum
1268 1091 1408 1182 reliquiis

374 1225 387 1260 r
417 1198 593 1264 instructus
608 1195 708 1264 veluti
720 1197 754 1262 in
769 1195 924 1264 fluctibus
939 1197 1091 1286 jactetur,
1105 1196 1156 1264 vel
1171 1198 1269 1268 etiam
1282 1199 1408 1266 naufra-

373 1333 386 1366 ι
416 1305 506 1394 gium
529 1305 635 1372 saciat.
665 1303 775 1384 Quart
795 1303 923 1393 expedit
947 1303 1025 1372 nihil
1048 1329 1162 1374 eorum
1181 1329 1252 1396 quae
1274 1308 1321 1374 ibi
1344 1318 1407 1372 tra-

374 1440 386 1472 »
418 1409 540 1478 duntur
562 1423 781 1479 contemnere.
812 1410 893 1476 Nam
916 1411 1094 1480 Dominicte
1116 1411 1186 1479 baec
1206 1410 1284 1502 legis
1309 1424 1404 1486 sunt,

374 1543 387 1578 ι
417 1527 514 1605 atque
537 1514 736 1606 Evangelicae
761 1513 936 1604 disciplinae
965 1517 1121 1608 expositio
1147 1531 1180 1584 et
1210 1516 1402 1608 explanatio.

373 1649 385 1683 r
416 1622 576 1688 Caeterbm
593 1621 737 1688 sensibus
752 1622 956 1710 ipsaquoqub
972 1623 1140 1712 apudeum
1156 1623 1330 1716 respondet
1346 1621 1406 1689 elo·
1474 1621 1475 1636 ¹

372 1755 385 1789 o
416 1729 524 1806 cutio,
538 1717 656 1818 ut'quae
668 1751 734 1794 non
749 1728 1010 1818 perspicuitatem
1028 1728 1132 1796 solum
1148 1727 1280 1808 alferat,
1297 1730 1357 1796 sed
1372 1737 1405 1795 el

371 1863 385 1898 r
414 1835 549 1926 insuper
568 1837 607 1902 sit
631 1825 784 1900 faeditate
798 1833 952 1924 praedita,
977 1847 1012 1900 ut
1027 1835 1120 1902 facile
1142 1859 1182 1904 ac
1202 1837 1272 1906 sine
1288 1837 1354 1902 ulla
1379 1838 1406 1903 vi

264 1951 267 1957 ⁴
371 1972 384 2006 r
413 1944 584 2012 hominum
596 1945 709 2010 animis
718 1944 933 2032 imprimatur,
944 1944 1022 2032 quin
1034 1956 1066 2010 ct
1074 1944 1205 2012 eosdem
1216 1945 1405 2034 pervadere,

370 2081 384 2114 a
413 2041 571 2144 atquead
587 2052 768 2116 institutum
785 2073 880 2115 suum
896 2050 1058 2118 attrahere
1071 2062 1177 2139 queat.
1193 2052 1264 2120 lmo
1279 2052 1407 2140 sapien-

370 2187 383 2222 »
412 2158 563 2224 ter'adeo
583 2168 658 2223 sunt
680 2156 789 2222 omnia
810 2167 842 2221 et
862 2154 973 2224 dextro
992 2168 1171 2247 temperata
1195 2169 1291 2248 atque
1308 2156 1406 2226 effor-

370 2294 383 2329 »
413 2259 520 2344 mata,
539 2276 575 2329 ut
587 2288 648 2332 nec
661 2263 844 2355 tropologiis
860 2261 942 2328 liber
957 2265 1119 2332 secundus
1131 2265 1337 2344 destituatur,
1351 2267 1408 2332 sed

324 2417 327 2424 -
370 2401 383 2435 »
413 2369 517 2439 multa
541 2373 706 2440 contineat
721 2394 792 2460 quae
812 2369 1037 2449 demulceant,
1061 2384 1158 2461 atque
1180 2371 1343 2450 alliciant,
1370 2399 1407 2442 ac

369 2510 382 2543 a
410 2479 506 2571 plura
524 2481 643 2556 etiam,
660 2503 750 2568 quae,
766 2485 841 2546 cum
857 2492 980 2548 metum
996 2503 1035 2546 ac
1047 2492 1205 2548 terrorem
1220 2482 1407 2560 incutiant,

368 2617 381 2652 ι
410 2593 484 2654 turn
505 2587 728 2676 poenitentiam
753 2587 987 2678 commovendi·
1002 2589 1068 2656 vim
1087 2588 1268 2656 habeant.»
1295 2590 1403 2677 (aiot.

367 2679 540 2780 ooa'197.)
556 2691 743 2760 Vincentius
760 2691 898 2780 denique
913 2691 1170 2760 Bellovacensis:
1193 2692 1329 2770 «Certe,
1342 2695 1406 2770 ait,

369 2827 381 2860 o
409 2797 510 2886 hujus
534 2787 687 2886 opuscula
709 2795 845 2862 multam
868 2796 1116 2866 aedificationem
1144 2799 1312 2867 continent
1335 2801 1407 2866 ani-

369 2933 382 2967 »
411 2915 604 2980 marum,ct
612 2901 777 2970 luculento
787 2925 934 2970 sermone
943 2903 1121 2978 nitescunt3
1137 2926 1198 2972 nec
1208 2904 1292 2971 inter
1302 2903 1406 2976 multa

369 3038 382 3072 r
412 2993 620 3095 antiquorum
636 3007 790 3100 opuscula
806 3009 981 3098 quidquam
995 3010 1037 3076 ad
1050 3008 1229 3098 spirituales
1241 3009 1406 3098 profectus

369 3145 382 3179 a
412 3127 509 3202 atque
525 3113 732 3202 perfectionis
756 3115 883 3202 apicem
903 3115 1048 3182 tendenti
1070 3114 1178 3182 utilius
1194 3115 1335 3185 arbitror
1352 3138 1405 3180 me

369 3250 383 3284 o
411 3219 565 3310 legisse.»
589 3220 738 3310 (Specul.
757 3219 908 3304 lietzo.
931 3243 979 3286 ao.
1003 3219 1108 3310 818.)

410 3325 460 3394 Ex
470 3323 589 3414 quibus
599 3323 883 3392 concludendum:
905 3323 1066 3402 r.⁰illum,
1080 3326 1185 3422 quoad
1200 3326 1320 3404 fidem,
1338 3350 1404 3394 non

244 3519 252 3528 N
368 3455 462 3524 posse
470 3436 625 3520 tanquam
633 3429 760 3496 haeresis
769 3453 862 3496 reum
870 3430 1008 3507 traduci,
1020 3434 1095 3496 cbm
1104 3437 1121 3496 a
1130 3431 1163 3498 S.
1174 3427 1334 3532 Prppero
1346 3430 1405 3498 Ca-

368 3537 692 3614 tholieushabeatur,
707 3549 740 3626 ct
751 3537 784 3602 in
793 3561 874 3628 pace
881 3537 1034 3607 Ecclesiae
1046 3539 1222 3625 quieverita
1238 3551 1285 3604 2.⁰
1296 3536 1404 3627 quoad

368 3641 680 3734 virtutem,maximb
690 3641 987 3708 commendandum
996 3641 1147 3716 extitisse,
1158 3646 1233 3708 clun
1245 3647 1262 3706 b
1275 3641 1404 3730 quibus-

369 3747 444 3812 dam
452 3748 551 3842 Beati
558 3747 656 3813 etiam
666 3759 698 3812 et
706 3747 829 3814 Sancti
838 3747 969 3813 nomine
981 3767 1047 3810 non
1059 3744 1209 3848 indignus
1220 3745 1400 3836 judictatum

369 3857 417 3920 5?
428 3836 569 3954 quo'd'ad
583 3855 688 3944 ipsum
699 3868 829 3948 [spectat
841 3878 976 3943 operum
993 3867 1236 3950 argumentum,
1250 3878 1316 3946 nou¹
1330 3866 1401 3922 tan-
