2990 4570
569 351 706 445 (²69)

548 539 702 634 ¹sior.

298 677 440 749 Sanetus
454 679 785 756 turcomanorum
800 739 809 766 ,
830 712 887 754 an.
906 693 981 797 440.

575 891 708 938 GRAECUS·

172 1019 319 1088 Sanctae
339 1020 516 1100 Isidorus,
538 1021 717 1104 Pelusiota,
739 1027 785 1094 sic
810 1029 1055 1118 cognominatus
1076 1031 1150 1120 quia

124 1124 256 1192 secessit
275 1127 308 1192 in
328 1127 466 1194 vicinam
487 1129 532 1196 iu
550 1130 644 1198 dictae
665 1133 802 1201 civitatis
825 1134 1052 1214 solitudinem,
1077 1161 1152 1227 reg-

123 1240 222 1314 nante
234 1228 553 1321 Theodosiojuuiore
562 1233 720 1314 florebat,
736 1259 797 1304 nec
813 1237 938 1316 adhbc,
955 1248 1150 1329 quamquam

123 1335 250 1412 senior,
268 1337 362 1404 evita
380 1351 580 1426 excesserat,
597 1346 672 1410 ciam
692 1327 782 1432 apud
794 1343 958 1434 Ephesum
976 1345 1151 1416 baberetur

123 1444 142 1504 a
156 1439 190 1506 S.
209 1441 329 1532 Gyrillo
342 1455 455 1510 eontra
468 1444 649 1515 Nestorium
668 1450 819 1538 synodus.
842 1477 855 1511 ι
881 1451 1023 1520 Isidorus
1038 1455 1124 1524 enim
1139 1507 1148 1533 ,

127 1573 141 1608 s
172 1559 208 1612 ut
220 1544 452 1641 ait'Eragrius,
473 1551 567 1642 cujus
582 1565 618 1618 ut
632 1555 758 1643 poetico
772 1555 872 1624 verbo
885 1569 977 1633 utar,
997 1557 1149 1628 letissima

128 1682 141 1717 t
171 1669 220 1726 θεὲ
230 1655 329 1748 gloria
339 1709 349 1736 ,
361 1671 400 1722 Te
412 1685 484 1728 κλεος
498 1687 578 1735 svper,
590 1688 665 1724 tere
674 1691 719 1726 rur
731 1690 837 1734 ustrou,
848 1679 880 1730 el
890 1667 945 1754 qul
961 1671 1036 1734 clim
1045 1669 1086 1734 ob
1098 1694 1149 1737 res
1269 1682 1275 1700 '

125 1790 139 1822 ι
168 1776 290 1852 gestas,
307 1771 377 1832 tbm
393 1765 582 1856 eloquentie
597 1774 692 1836 causa
704 1769 823 1860 ubique
833 1769 1035 1851 celebratur,
1048 1783 1149 1864 usque

123 1900 137 1932 ι
168 1871 248 1939 adab
264 1893 381 1964 corpus
396 1898 493 1942 suum
517 1874 680 1942 laboribus
702 1890 939 1955 maceraverat,
956 1890 989 1944 et
1004 1880 1148 1947 animum

123 2006 136 2040 s
165 1979 290 2046 arcanis
301 2003 340 2046 ac
351 1978 589 2062 sublimioribus
607 1981 762 2048 doctrinis
782 1982 1005 2072 saginaverat,
1027 1995 1063 2050 ut
1086 1984 1150 2051 An-

122 2112 135 2146 »
163 2083 432 2188 gelorumJitem
453 2087 485 2153 in
507 2088 599 2153 terris
618 2088 771 2166 duceret,
802 2101 835 2156 et
855 2089 978 2178 spirans
1001 2090 1149 2178 quedam

123 2223 147 2270 s,
164 2193 270 2284 imago
285 2200 442 2284 perpetuo
462 2207 544 2262 essct
567 2208 633 2260 tam
655 2197 953 2274 vitaemonasticae,
983 2203 1080 2288 qnam
1104 2199 1150 2264 di-

121 2329 134 2364 »
164 2301 251 2387 vine,
260 2300 546 2390 contemplationis.
567 2299 701 2391 Scripsit
716 2314 825 2368 autem
845 2308 915 2370 tbm
927 2302 989 2370 alia
1009 2302 1149 2394 plurima

120 2435 133 2467 ι
164 2405 334 2494 multiplici
350 2406 486 2472 utilitate
501 2405 644 2480 referta,
669 2411 738 2471 tbm
761 2405 803 2470 ad
823 2406 1069 2474 celeberrimum
1087 2408 1149 2496 Cy-

120 2537 134 2570 »
163 2508 271 2576 rillum
294 2508 472 2586 nonnulla,
491 2497 533 2574 eu⁴
550 2507 851 2596 quibusmanileste
876 2507 1039 2596 colligitur
1057 2509 1148 2576 illum

120 2645 132 2678 ι
151 2615 276 2681 ‘iisdem
292 2615 508 2704 temporibus,
522 2615 638 2702 quibus
655 2611 879 2678 admirandum
904 2612 1075 2702 Cyrillum,
1091 2615 1149 2682 ilo-

119 2752 131 2785 ι
161 2723 344 2790 ruisse......
362 2721 397 2808 s(
414 2719 485 2786 Lib.
507 2745 533 2784 r.
550 2742 580 2786 c.
597 2721 644 2808 5.)
663 2718 756 2784 Diem
768 2739 955 2806 supremum
974 2721 1090 2787 obiisse
1105 2724 1149 2788 vi-

117 2827 227 2894 detur·
243 2827 329 2896 cirea
354 2847 474 2892 annum
501 2824 619 2892 Christi
651 2826 734 2904 440,
755 2824 885 2892 scicntia
909 2824 1148 2918 virtutibusque

116 2933 260 3002 illustris.

165 3043 262 3109 Juxta
275 3040 466 3109 Facundum
477 3041 543 3108 duo
557 3039 656 3108 millia
672 3039 897 3131 epistolarum
910 3043 998 3128 juxta
1012 3043 1144 3110 Suidam

120 3153 182 3218 tria
196 3151 295 3218 millia
311 3153 351 3217 de
365 3157 453 3217 saera
468 3149 651 3240 Scriptura,
667 3149 750 3215 etde
766 3149 897 3214 diversis
912 3151 1055 3240 quinque
1071 3150 1142 3217 mil-

114 3257 159 3324 ¹lie
173 3282 182 3330 ;
201 3257 291 3347 juxta
303 3254 520 3344 Nicephorum
535 3255 673 3342 denique
685 3253 798 3320 decem
810 3251 907 3319 millia
921 3256 1142 3343 rescripserat.

118 3361 181 3427 Tot
196 3363 237 3426 ab
253 3359 307 3428 illo
322 3359 456 3447 scriptas
468 3356 617 3447 epistolas
633 3355 763 3424 difficile
774 3356 950 3423 credideris
959 3382 969 3430 ;
989 3357 1046 3423 sed
1058 3359 1148 3445 quid-

118 3468 199 3560 quid
214 3467 254 3532 de
269 3464 336 3532 aliis
349 3465 410 3542 sit,
427 3487 514 3532 nunc
530 3463 703 3530 duodecim
716 3485 812 3552 super
831 3461 896 3528 duo
913 3461 1012 3528 millia
1039 3487 1148 3552 supera

119 3589 194 3643 sunt
214 3625 222 3651 ,
249 3597 319 3662 quae
334 3579 488 3661 tanquam
512 3573 743 3663 perfectissima
762 3569 970 3658 epistolarum
987 3571 1147 3660 exempla-

120 3681 167 3746 ria
196 3677 308 3744 haberi
331 3687 485 3765 possunt,
512 3678 554 3742 ita
576 3689 612 3746 ut
635 3673 823 3771 possevinus
839 3671 969 3740 illasad
985 3673 1148 3740 docendos

118 3784 260 3874 linguam
277 3807 415 3874 graeeam
431 3807 548 3872 pueros
566 3779 892 3850 adhiberivoluisset.

165 3879 282 3960 Breues
296 3891 357 3958 illae
367 3890 487 3967 verbis,
501 3892 557 3958 sed
572 3899 790 3979 sensu'g'raves
805 3889 946 3979 epistolae
958 3941 967 3967 ,
980 3889 1012 3976 in
1029 3889 1147 3978 quibus
1228 3899 1230 3902 ’
