2956 4586
683 479 776 568 (4)

87 613 88 618 '
208 620 252 682 ut
266 601 315 680 de
334 618 472 680 nostro
488 601 650 710 quoque
664 617 842 708 tempore
859 625 1081 682 sermonem
1095 603 1248 708 faciam,

208 727 267 807 illi
287 729 360 836 qui
378 727 517 807 mundi
540 727 704 834 gloriam
723 745 932 836 quaerunt,
950 730 1032 808 sive
1050 728 1100 808 ad
1125 733 1250 840 expli-

207 849 353 936 candas
376 854 505 960 legum
529 853 727 959 ambages,
755 853 835 932 sive
862 851 912 934 ad
934 855 1251 962 componendam

207 977 412 1060 Homerici
438 977 625 1059 carminis
646 976 977 1078 modulationem,
1003 980 1083 1058 sive
1106 979 1158 1060 ad
1175 981 1249 1062 ob-

205 1103 412 1186 tinendam
437 1104 616 1183 sublimis
640 1104 702 1183 vel
718 1103 855 1183 nitidae
881 1106 1072 1184 orationis
1091 1105 1249 1208 famam,

208 1224 372 1310 assiduis
383 1228 589 1308 conatibus
600 1227 784 1307 insudare
794 1255 876 1307 non
887 1227 1085 1329 desinaut3
1096 1250 1250 1339 quanto

206 1353 362 1464 pudore
378 1351 567 1460 perfundi
581 1349 771 1472 deberent
789 1351 970 1432 Ecclesiae
989 1355 1151 1455 alumni,
1168 1357 1249 1434 imb

177 1509 183 1520 ¹
207 1498 246 1560 et
267 1476 478 1558 sacerdotii
495 1478 710 1576 tirones,.si
721 1478 805 1584 qui,
821 1479 1056 1585 contemptis
1073 1496 1251 1559 veterum

207 1602 369 1701 divitiis,
389 1603 468 1682 tam
489 1601 705 1706 gloriosum
724 1600 917 1701 laborem,
934 1603 996 1682 vel
1016 1606 1126 1711 turpi
1142 1622 1250 1683 metu

206 1724 526 1825 reformidantes,
546 1726 608 1804 vel
634 1725 823 1833 culpabili
848 1728 1087 1834 negligentiis
1111 1746 1251 1836 praete-

208 1870 377 1953 reuntes
389 1865 445 1930 'ne
460 1880 581 1930 manu
595 1850 759 1960 quidem
776 1871 1028 1960 pertractare,
1049 1872 1118 1934 aut
1132 1855 1248 1933 oculo

204 1977 448 2086 'perlustrare
462 1996 805 2076 curarent,sacros
819 1977 997 2056 virorum
1011 1979 1172 2058 illorum
1186 2009 1248 2059 co-

84 2114 87 2121 '
209 2101 314 2182 dices
332 2099 416 2210 qui,
431 2097 547 2209 juxtb
563 2101 776 2209 Scripturas
796 2101 968 2215 effatum,
980 2102 1194 2212 postqudm
1210 2134 1250 2184 se

210 2225 381 2336 amplids
400 2226 660 2305 deddruntad
668 2228 866 2306 lectionem
881 2229 975 2334 legis
985 2246 1022 2306 et
1033 2231 1251 2338 Propheta-

211 2381 315 2454 rum,
329 2351 587 2430 columnares
603 2353 678 2460 apsi
689 2353 853 2432 scribere
867 2382 954 2460 quae
967 2354 1025 2431 od
1032 2355 1251 2434 doctrinam

211 2495 246 2556 et
261 2477 712 2585 sapientiampertinent,
729 2494 772 2555 ut
782 2478 1047 2558 desiderantes
1060 2481 1206 2560 discere
1217 2499 1253 2560 et

211 2603 369 2682 illorum
387 2602 510 2709 periti
517 2603 645 2703 sacti,
672 2601 802 2709 magis
820 2604 1025 2708 magisque
1043 2605 1254 2683 attendant
1343 2660 1348 2674 κ

211 2727 345 2806 animo
357 2741 394 2804 et
402 2727 968 2832 confirmenturodlegitimom
978 2727 1102 2804 vitam
1115 2733 1142 2827 ¹,
1153 2731 1252 2836 quin

212 2870 253 2932 et
261 2849 415 2930 aliosad
425 2851 641 2958 legitimam
651 2851 1255 2958 vitaminstrueresatagant.Ve-

211 2977 415 3057 ritmenim
424 2977 628 3078 veracem
637 2993 838 3056 annuente
846 2976 920 3056 Dei
930 2977 1252 3084 OptimiMaximi

210 3102 479 3214 providentiis,
499 3105 585 3184 haec
603 3096 783 3183 discendi
801 3122 950 3184 mentes
968 3107 1148 3184 omnium
1167 3108 1253 3187 sitis

211 3227 1250 3340 exurat,utnunquamfo'rtassetottantiquemomenti

209 3354 334 3434 libros
346 3356 505 3461 prelum
521 3354 710 3454 emiserit;
723 3353 813 3436 eiam
824 3385 908 3435 non
919 3357 1178 3455 obstantibus
1194 3387 1254 3438 re-

159 3479 161 3486 ’
209 3506 300 3556 rum
314 3477 569 3585 publicarum
586 3481 899 3589 tempestatibus,
911 3465 1063 3590 Religio
1077 3484 1253 3564 sibimet-

208 3602 286 3710 ipsi
312 3601 356 3680 in
377 3603 511 3682 Gallia
527 3605 825 3712 quodammodb
845 3627 1058 3714 superstes,
1077 3610 1251 3717 jacentes

208 3725 425 3806 etiamnirm
447 3731 582 3809 ruinas
606 3733 776 3812 excitare
794 3730 998 3832 videatur,
1026 3737 1250 3815 excitentur

206 3853 369 3961 quoque
381 3855 520 3962 sopitae
532 3857 769 3967 jampridem
780 3859 915 3942 subter
924 3858 1122 3970 dispersos
1134 3887 1247 3942 sane-

244 4037 253 4066 ¹
269 4027 346 4084 Eccli.
360 4029 455 4098 Prolog.
