2940 4570
484 393 509 432 ·.
541 368 552 452 (
581 387 635 432 ιιι
664 367 676 449 )

98 503 198 566 mum
204 500 364 588 facundia
372 502 593 567 Firmianum
604 501 794 575 Eucherius,
806 501 818 585 (
830 501 893 588 up.
906 500 950 565 od
961 497 992 563 V
992 499 1071 565 cler.
1083 499 1123 563 de

100 621 278 694 contempt.
297 605 429 692 mund.)
448 604 524 670 hinc
543 605 756 693 Hieronymus
767 604 883 670 uirum
903 625 961 669 auo
981 619 1123 690 tempore
1152 687 1156 692 .

98 711 363 776 eruditissimum
376 724 407 774 et
424 709 616 798 clocuentiaa
633 709 800 776 Tulliana
818 704 965 796 fluuium
992 707 1117 794 (Epist.

102 815 161 901 49.
178 811 217 879 ad
227 811 348 878 Paulin.
361 814 372 900 )
386 813 560 902 praedicare
571 835 636 882 nou
650 812 885 878 dubitaverunt.
903 811 1054 892 Quamvis
1070 833 1123 876 au·

105 929 173 984 tem
188 918 247 984 hac
262 917 491 1007 cogitationum
508 919 744 1005 verborumque
766 915 950 984 excellentia
966 915 1063 982 fidem
1078 915 1123 981 si-

103 1022 174 1088 mul
185 1021 373 1110 disputando
387 1073 397 1098 ‚
413 1035 447 1090 et
464 1022 609 1090 docendo
624 1023 775 1089 virtutem
795 1021 1002 1112 persuaserit,
1018 1021 1122 1087 inten-

106 1128 184 1194 dum
194 1141 242 1195 est
253 1127 457 1196 nihilominus
473 1127 563 1196 illum
576 1127 838 1218 philosophorum
854 1126 977 1218 placitis
997 1125 1123 1194 theolo-

101 1234 187 1320 giam
197 1231 333 1318 nimium
341 1231 515 1298 involvere.
534 1232 625 1299 Unde
636 1231 792 1299 Damasus
806 1231 891 1321 Papa
908 1231 948 1296 nd
963 1231 1123 1320 Hierony-

104 1359 196 1402 mum
215 1336 358 1402 scrihe'ns
376 1359 489 1402 senon
507 1335 645 1404 libenter
661 1361 757 1426 opera
773 1335 928 1403 Lactantii
939 1333 1124 1426 pervolucro

103 1439 223 1505 fatetur
236 1490 246 1517 ,
270 1439 344 1528 quia
355 1439 463 1529 plures
474 1453 647 1514 occurrunt
659 1443 780 1534 paginae
793 1493 802 1519 ,
816 1443 931 1530 quibus
947 1441 987 1507 de
997 1441 1123 1507 rehusd

102 1543 256 1634 religione
287 1549 417 1634 prorsus
451 1543 560 1612 alienis
585 1545 698 1635 agitur.
734 1545 877 1614 Gelasius
906 1557 1013 1612 autem
1041 1569 1123 1635 papa
1204 1565 1208 1572 ’

103 1653 260 1740 opusculo
269 1649 439 1717 Luctomii
452 1651 639 1742 apocrypho
653 1651 794 1718 declarat
808 1651 941 1740 ,(Gclcs.
954 1654 992 1716 in
1004 1652 1119 1718 concil.

104 1759 218 1845 Rom.)
236 1767 367 1845 propter
381 1756 536 1844 quosdam
548 1757 625 1822 hino
635 1768 669 1822 et
684 1757 759 1822 inde
771 1769 975 1824 occurrentes
985 1779 1119 1823 errores.

110 1860 177 1928 lllis
187 1871 295 1926 umen
311 1859 439 1948 judiciis
455 1881 520 1924 non
532 1860 574 1924 ia
590 1863 698 1924 severe
713 1881 788 1947 erga
799 1857 1001 1926 Lactantium
1016 1872 1124 1928 actum

102 1980 172 2045 est,
199 1979 235 2033 ut
254 1967 324 2056 ejus
345 1967 439 2036 lectio
462 1968 502 2033 sit
522 1966 699 2054 abjicienda
721 1989 728 2032 :
752 1992 765 2026 ι
787 1963 867 2048 Quis
886 1966 995 2044 euim,
1023 1965 1126 2054 inquit

104 2101 117 2133 ι
150 2072 387 2160 Hieronymus,
404 2071 482 2138 mihi
505 2071 695 2138 interdicere
710 2083 834 2160 potest,
860 2094 901 2136 ue
916 2069 1019 2159 legam
1034 2070 1125 2136 iusti-

103 2209 117 2242 »
148 2180 310 2244 tutionum
324 2180 394 2268 ejus
409 2178 527 2253 libros,
542 2179 659 2267 quibus
670 2191 781 2245 contra
797 2189 906 2268 gentes
925 2177 1051 2266 scripsit
1062 2177 1125 2241 for·

104 2315 117 2349 a
148 2286 269 2352 tissime
295 2285 339 2351 i»
363 2287 498 2374 (Epist.
523 2289 577 2366 [ιι.
596 2286 642 2352 od
657 2284 866 2372 Poetneum.)
885 2285 998 2365 Quis'e
1013 2283 1128 2352 contra*

105 2389 293 2456 Christiana
305 2375 493 2478 eloquentia
508 2388 641 2481 cupidus
654 2387 693 2460 ab
707 2387 762 2455 illo
778 2387 913 2480 legendo
924 2388 1041 2476 poterit
1055 2388 1125 2456 abs-

104 2494 209 2564 tinere
225 2491 240 2566 i

420 2726 588 2772 uulutottlts
612 2725 789 2771 PRAEGll’UE.

148 2897 239 2963 lnter
251 2897 408 2966 Lactantii
420 2923 553 2989 operum
566 2901 719 2968 editiones
736 2903 877 2968 eminere
891 2899 1038 2966 videntur
1052 2951 1061 2975 ‚
1077 2911 1125 2964 ut·

103 3009 181 3090 pote
196 3000 354 3092 pleniores
366 3005 459 3080 simul
474 3019 506 3072 et
518 3008 751 3083 accuratiores,
770 2999 839 3094 quae
854 3013 922 3071 tum
932 3006 1121 3072 ‘Ooeoniian

108 3110 208 3189 1684,
224 3115 242 3178 a
261 3109 388 3178 Thomd
401 3113 531 3201 Spurio,
556 3119 626 3180 tiam
641 3137 692 3178 an.
712 3113 816 3186 1685,
833 3111 1043 3202 Ceresiago,
1056 3115 1126 3176 tium

101 3240 155 3282 an.
181 3219 288 3303 1715,
313 3218 450 3309 Leipaic.
472 3225 539 3286 tium
562 3220 749 3287 curantibus
762 3219 830 3285 DD.
847 3219 977 3286 tetrae
994 3230 1026 3284 et
1042 3217 1126 3284 Lon-

98 3319 167 3410 glet'
181 3321 379 3414 nocane,
395 3324 560 3401 Parisiis,
574 3349 625 3391 an.
646 3327 727 3412 1748
740 3347 861 3392 excusae
873 3323 1012 3390 fuerunt.

146 3423 356 3494 Particulares
374 3427 519 3517 quadam
541 3431 703 3496 variorum
718 3429 876 3502 Lactantii
899 3451 1034 3518 operum
1055 3426 1125 3494 edi-

101 3530 206 3602 tiones
230 3556 295 3598 uon
322 3533 562 3602 contemnenda
584 3535 751 3611 videntur,
766 3540 969 3636 nemper.o
987 3531 1068 3598 liber
1088 3533 1127 3597 dc

100 3635 643 3721 opercDeiGoroeinMionictau.
668 3641 776 3726 1714,
790 3639 911 3712 iuuit,
932 3661 961 3702 a.
966 3635 1127 3702 ⁰liberale

99 3753 208 3810 morte
226 3757 494 3838 persecutorum
517 3767 567 3810 an
592 3745 691 3824 1610,
705 3743 877 3820 Parisiis,
894 3765 968 3808 cum
985 3739 1122 3806 notisD.

100 3843 301 3935 Iunonum
326 3847 374 3911 d.⁰
394 3847 525 3918 taudem
537 3851 677 3939 epitome
692 3847 940 3914 institutionum
955 3897 964 3924 ,
982 3846 1046 3911 sive
1060 3845 1128 3930 Pet-3
