2940 4570
557 366 576 450 Δ<
604 367 699 452 12³)

123 503 390 577 Nicomediensis,
405 503 591 568 natuscirca
606 527 726 570 annum
742 506 824 583 siit,
844 517 879 569 ut
890 507 1015 572 ridetur
1030 509 1062 572 in
1075 508 1135 572 Pa·

121 605 235 672 lestind
250 656 259 681 ‚
277 604 326 671 vel
344 606 388 670 ibi
414 606 526 672 saltem
551 608 726 684 educatus,
751 609 957 676 Dorotheum
985 611 1135 678 Ecclesiae

121 711 326 776 Antiocheae
342 710 595 798 praesbyterum,
612 711 651 777 de
668 714 764 780 sacris
788 713 959 801 Scripturis
975 713 1133 780 disseren-

123 828 208 888 tem,
242 838 304 880 non
330 815 463 903 impiger
481 813 655 904 discipulus
675 818 806 884 audivit.
822 817 943 884 Exinde
959 818 999 882 ab
1016 818 1136 906 Agapio

128 920 307 986 Caesariensi
326 921 475 1009 episcopo
507 923 539 986 in
563 921 685 996 clerum
704 935 900 1013 assumptus,
925 923 967 988 itt
981 921 1057 988 huic
1073 923 1136 988 Ec-

123 1023 224 1090 clesiae
238 1023 373 1090 fideliter
389 1025 537 1101 adhaesit,
556 1037 590 1090 ut
605 1027 770 1114 ingruente
785 1027 1044 1115 persecutionum
1056 1037 1135 1090 tem·

121 1130 259 1218 pestate,
276 1129 450 1196 adoctrina
464 1143 496 1196 et
510 1131 730 1197 exhortatione
752 1144 950 1219 martyrum,
967 1133 1050 1196 inter
1068 1131 1135 1220 ipsa

120 1234 339 1317 custodiarum
356 1233 512 1312 claustra,
529 1237 660 1302 minime
674 1237 852 1302 cessaverit.
871 1235 931 1302 Cui
950 1236 1074 1324 pietatis
1086 1234 1136 1300 oi-

119 1337 195 1403 srcio
206 1342 282 1402 cum
297 1350 535 1425 perseveranter
549 1339 700 1415 instaret,
723 1351 834 1428 captus
849 1339 917 1428 ipse
931 1351 964 1404 et
979 1338 1012 1404 in
1024 1359 1136 1404 carce-

119 1465 190 1506 rem
213 1441 349 1517 missus,
370 1441 541 1532 redemptae
556 1465 612 1531 per
628 1443 770 1510 oblatum
786 1443 878 1510 idolis
892 1441 1086 1518 sacrificium
1101 1438 1137 1506 li·

120 1547 253 1612 bertatis
268 1543 480 1634 suspicionem
497 1547 593 1623 tulit,
612 1571 677 1614 non
692 1549 766 1614 satis
781 1548 909 1637 quidem
926 1547 1040 1634 merito
1056 1595 1065 1622 ,
1089 1555 1138 1610 ut·

117 1657 196 1739 pote
211 1650 266 1738 qui
282 1662 347 1716 tarn
358 1651 495 1739 graviter
506 1649 610 1742 lapsus
625 1675 690 1720 non
704 1653 858 1742 potuisset
871 1652 913 1718 ad
923 1648 1137 1741 episcopalem

121 1755 307 1843 dignitatem
324 1755 498 1842 assurgere.

169 1859 243 1938 Quo
258 1858 291 1922 in
306 1880 440 1924 munere
453 1858 563 1948 llgapii
576 1883 739 1926 successor
754 1883 805 1925 en.
825 1862 888 1924 515
911 1873 1115 1950 consecratus
1128 1907 1136 1932 .

120 1961 190 2030 Arii
209 1963 347 2050 primum
375 1961 517 2049 partibus
540 1961 739 2028 adversius.
768 1955 983 2030 Alexandrum
1006 1961 1138 2028 Alexan·
1230 1965 1233 1970 '

122 2069 252 2132 drinum
269 2067 483 2153 patrocinatus
498 2081 542 2132 est
557 2115 569 2142 ,
584 2091 644 2134 nec
658 2068 698 2132 ab
711 2068 780 2156 ejus
795 2067 955 2133 erroribus
967 2068 999 2132 in
1015 2066 1137 2154 scriptis

123 2173 199 2238 satis
219 2170 338 2236 alienus
365 2172 531 2258 reperitur.
562 2172 597 2237 ln
621 2172 755 2238 concilio
781 2172 987 2240 nihilominus
1012 2172 1139 2238 Nicaeno

124 2277 346 2364 impugnatum
361 2273 464 2362 primo
479 2274 776 2342 Corssulrstautiulis
790 2269 995 2354 vocabulum,
1013 2299 1078 2341 non
1093 2299 1141 2340 so·
1209 2293 1211 2300 ’

125 2377 193 2444 lum
207 2377 368 2467 amplexus
381 2391 446 2454 cst,
459 2379 515 2444 sed
527 2379 566 2446 ud
575 2379 729 2468 populum
742 2381 964 2446 Caesariensem
977 2379 1138 2454 scribens,

124 2509 186 2553 cur
200 2485 278 2550 illud
295 2486 551 2576 amplectendum
566 2485 769 2562 credidisset,
793 2489 946 2574 exposuit.
973 2485 1084 2573 Magna
1102 2483 1141 2548 de

124 2592 200 2658 fidei
216 2593 479 2681 ejussinceritute
492 2593 662 2682 disputatio
671 2619 680 2668 ς
700 2617 760 2660 nec
771 2593 979 2660 inficiendum
990 2604 1037 2658 est
1049 2590 1140 2680 plura

127 2702 160 2766 in
186 2701 335 2788 oporibus
350 2723 543 2778 occurrere,
565 2725 634 2790 quae
660 2703 770 2768 durius
792 2715 825 2767 et
845 2708 958 2792 parum
973 2697 1142 2768 commode

125 2809 212 2872 dicta
236 2809 391 2876 videntur.
414 2809 594 2876 Fatendum
616 2823 665 2876 est
686 2812 782 2876 etiam
804 2791 981 2878 non‘sucile
997 2807 1142 2876 excusari

126 2936 223 3000 posse
241 2913 354 3002 agendi
368 2912 415 2978 vel
434 2915 537 3002 potius
553 2916 712 2984 scribendi
728 2917 900 2992 rationem,
918 2917 971 3004 qui
991 2937 1094 3001 neque
1109 2913 1142 2978 in

125 3017 259 3084 historia
286 3017 533 3096 Ecclesiastico,
557 3045 661 3107 neque
681 3023 713 3086 in
734 3023 797 3086 vitai
820 3021 1016 3088 Constantini
1037 3019 1142 3110 Magni
1180 3071 1185 3084 ,

125 3133 193 3186 tam
211 3120 369 3190 celebrem
387 3121 473 3186 illam
490 3122 638 3188 Ecclesiae
653 3147 791 3212 pugnam
804 3147 933 3190 narrare
949 3125 1080 3213 dignum
1094 3125 1143 3212 jus
1191 3121 1195 3136 ⁵

127 3225 302 3298 dicaverit;
323 3225 375 3314 qui
399 3225 438 3290 de
461 3226 587 3292 concilii
604 3227 720 3294 Nicaeni
742 3229 836 3316 'gestis
854 3229 896 3293 ita
917 3227 1085 3315 loquatur,
1108 3241 1143 3294 ut

126 3327 247 3400 nullam
264 3330 330 3396 iere
342 3329 433 3396 aliam
449 3379 458 3406 ,
476 3336 570 3418 quarn
591 3330 750 3398 Paschatis
766 3333 970 3420 quaestion'em
987 3332 1026 3396 ab
1044 3355 1081 3396 eo
1097 3355 1146 3397 so-

126 3433 227 3506 lutam
243 3450 391 3526 suggerat
402 3463 412 3512 ;
431 3438 484 3526 qui
507 3439 666 3527 rescriptis
688 3438 885 3504 Constantini
912 3439 1061 3504 adversus
1077 3437 1143 3502 hae-

124 3541 242 3606 reticos
262 3540 402 3631 legibus,
426 3543 611 3610 mandatum
633 3543 735 3618 illud,
761 3567 824 3632 quo
843 3543 917 3610 Arii
934 3543 1050 3630 scripta
1070 3543 1142 3630 igne

125 3647 343 3714 comburenda
357 3647 602 3726 damnabantur,
616 3648 739 3715 silentio
754 3648 1007 3736 praetermiserit:
1023 3645 1145 3734 quide

126 3758 191 3839 que
213 3751 313 3822 relato
328 3753 404 3844 'l'yri
417 3753 574 3832 concilio,
591 3777 632 3822 ne
652 3777 749 3820 unum
765 3753 894 3841 quidem
913 3751 1048 3818 verbum
1069 3750 1146 3816 cmi-

125 3859 203 3930 serit
215 3859 297 3928 deS.
308 3861 470 3932 Athanasii
484 3868 592 3942 causat,
603 3862 677 3930 licet
688 3860 770 3926 illius
782 3859 994 3950 congregandi
1005 3859 1145 3948 primum
