2956 4586
568 372 579 456 (
608 393 647 460 1ε
671 374 683 458 ι

517 526 690 630 Anrlcvttts
714 585 748 626 ιι.

151 757 201 823 Da
215 757 286 822 otta
299 769 330 820 at
343 751 495 846 aperibat
510 751 712 818 Sanctorum
728 723 871 812 Platani
883 747 991 836 primi
1004 751 1114 815 secali.

165 912 271 979 Primo
286 910 419 984 seculo,
441 907 620 974 llornerunt
636 915 752 994 prater
769 879 938 990 Apostolos
953 902 990 968 S.
1010 903 1147 970 Barna-

122 1019 198 1094 bas,
215 1019 359 1084 Harmas
374 1065 382 1091 ,
400 1037 456 1079 sen
470 1027 584 1102 pastor
594 1061 603 1086 ,
615 1011 652 1078 S.
672 1007 854 1098 Dyaaiaias
868 1008 1089 1098 areopagita,
1117 1022 1149 1074 ct

119 1125 155 1189 S.
177 1125 327 1190 Clemens
335 1143 426 1212 papa
438 1119 478 1186 l.·

604 1249 676 1340 ει.

354 1397 498 1462 Sanctae
512 1389 691 1459 Barnabas
705 1397 853 1456 antean.
874 1393 927 1456 80.

558 1528 703 1596 Gnncns.

165 1675 291 1739 Primus
308 1673 340 1736 in
356 1669 467 1736 ordine
489 1680 694 1756 temporum,
719 1679 751 1733 ει
769 1665 872 1732 multo
891 1667 988 1734 etiam
1004 1670 1103 1759 magis
1120 1671 1152 1736 in

123 1777 240 1843 debitae
257 1773 468 1842 venerationis
492 1771 604 1836 ordine
620 1771 761 1838 occurrit
783 1771 820 1836 S.
842 1771 1041 1848 Barnabas,
1065 1776 1153 1864 quit

125 1881 351 1947 vetustioribus
367 1875 517 1942 Ecclesia
538 1876 711 1964 Patribus,
735 1886 767 1939 et
786 1873 827 1938 ab
851 1874 920 1964 ipso
936 1875 1024 1944 Lucet
1044 1878 1055 1964 (
1073 1881 1149 1944 Aet.

132 1991 182 2067 ¹4·
199 1988 248 2052 15.
267 1987 277 2073 )
292 1982 473 2050 venerando
486 1967 629 2072 Apostoli
641 1981 771 2046 nomine
784 1979 971 2060 decoretur,
987 1984 1052 2050 sive
1068 1985 1154 2072 quod

123 2093 219 2159 farerit
237 2089 333 2157 modo
354 2086 495 2176 quodam
514 2085 700 2176 singularia
725 2084 846 2151 Sancto
862 2084 984 2176 Spiritu
1003 2101 1153 2166 vocatus,

122 2201 185 2265 sire
207 2197 296 2286 quod
319 2219 384 2262 non
403 2199 520 2283 pariam
543 2215 617 2259 cum
640 2183 765 2258 cae'te'ris
789 2189 948 2280 Apostolis
972 2193 1013 2259 ad
1033 2195 1154 2282 consti-

124 2296 283 2368 tuendum
300 2299 416 2363 Christi
432 2319 565 2386 regnum
579 2295 762 2361 contulerit.

170 2409 295 2476 Levites
308 2407 428 2494 origine
444 2407 455 2488 l
471 2406 546 2470 Act.
567 2407 597 2483 Ζ..
614 2405 666 2470 56.
684 2405 720 2490 ),
743 2404 775 2468 in
803 2403 904 2468 insula
929 2403 1038 2492 Cypro
1061 2417 1154 2472 natus

127 2528 198 2592 est,
224 2513 279 2578 ubi
302 2533 415 2600 agrum
436 2521 582 2598 parentes
597 2509 749 2576 habuere.
774 2509 905 2598 Josephi
919 2509 1067 2586 nomine,
1089 2531 1154 2598 quo

125 2622 214 2712 prilrs
229 2617 470 2708 appellabatur,
488 2615 527 2680 ah
544 2615 703 2704 Apostolis
720 2625 863 2692 mutato,
882 2614 986 2682 dictus
999 2627 1046 2681 εει
1065 2615 1155 2682 Bar.-

123 2725 249 2800 nabas,
274 2723 360 2811 quod
379 2735 427 2786 est
447 2722 624 2788 secundam
647 2721 768 2786 Lucam
791 2722 1024 2786 consolationis
1042 2721 1155 2810 filias,

124 2833 197 2898 ideo
209 2830 316 2920 quod,
334 2841 415 2895 toste
432 2827 686 2927 chrysostomo,
705 2827 957 2896 consolationem
972 2830 1097 2897 alllictis
1109 2829 1156 2896 in·

97 3014 99 3018 ¹
124 2935 256 3026 gerendi
273 2934 357 3000 dono
372 2933 507 3024 polleret
523 2933 673 2998 mirabili.
694 2934 777 2999 Addi
790 2936 890 3000 ettam
900 2947 1007 3026 potest
1026 2959 1100 3002 cum
1114 2936 1152 3001 B.
1208 2984 1213 2990 «

125 3045 345 3131 Hieronymo,
373 3041 570 3134 Barnabam
598 3043 800 3130 interpretari
827 3065 919 3131 posse
941 3041 1055 3130 filiam
1074 3066 1154 3132 pro-

122 3151 244 3241 pheta,
276 3173 339 3237 quo
359 3149 484 3240 dignior
506 3173 627 3225 nemo,
657 3155 731 3216 clrm
759 3151 945 3238 prophetica
976 3153 1153 3240 prasertim

124 3255 220 3322 laude
236 3253 431 3320 inclaruerit.
837 3255 840 3263 '

169 3364 295 3429 Docent
308 3362 411 3429 Graeci
431 3361 521 3428 illam
539 3361 577 3426 ab
597 3363 729 3429 infantia
743 3363 998 3453 Hierosolymam
1007 3363 1151 3442 missum,

124 3459 371 3536 celeberrimum
381 3491 455 3535 cum
466 3467 584 3534 Sancto
597 3467 697 3534 Paulo
710 3467 918 3536 Gamaliclem
926 3469 1096 3546 audivisse,
1107 3471 1155 3538 in·

124 3589 236 3665 terque
249 3576 369 3665 primos
381 3587 414 3640 ct
425 3575 602 3666 praecipuos
616 3577 816 3666 septuaginta
829 3567 1059 3668 discipulorum
1078 3579 1161 3643 enai*

125 3681 228 3762 coisse
235 3705 245 3752 ;
266 3680 352 3748 unde
376 3703 434 3770 pro
450 3693 539 3748 certo
555 3680 743 3748 habendum
759 3693 807 3748 est
823 3693 945 3748 tantam
968 3683 1064 3750 fuisse
1084 3683 1155 3774 ejas

125 3787 330 3866 felicitatem,
355 3801 392 3854 ut
416 3789 456 3855 ab
481 3791 550 3879 ipso
567 3781 742 3855 Salva'toris
758 3813 814 3855 ore
826 3789 922 3855 verba
944 3791 1014 3858 vita
1030 3803 1154 3860 aterna

28 3921 30 3980 ;
123 3895 315 3982 perceperit.
