2990 4570
571 369 706 458 (πει)

142 540 155 576 s
186 511 283 604 ipsius
300 511 404 578 verbis
426 517 514 592 utar,
537 512 630 577 variis
649 534 696 579 ac.
710 509 854 578 tristibus
873 508 1024 577 secularis
1046 509 1167 578 militias

138 645 153 680 s
185 615 368 682 turbinibus
384 615 578 692 volveretur,
601 616 730 682 tandem
745 639 779 682 se
799 617 832 681 in
854 628 984 704 portum
1007 613 1170 706 religionis

118 723 155 782 ‘»
187 721 311 788 cunctis
328 744 455 811 semper
477 720 690 800 fidissimum,
714 721 842 788 Christo
854 721 1037 810 aspirante,
1058 721 1168 788 condi-

142 856 157 890 »
187 827 253 906 dit,
266 839 302 894 ut
313 827 358 894 ibi
370 827 520 916 depositis
532 827 679 893 vanitatis
695 849 733 894 aa
746 827 903 920 superbie
915 825 1056 900 llatibus,
1070 827 1170 894 chris·

126 964 156 999 ,ι
186 934 281 1002 tianae
301 932 488 1000 humilitatis
511 930 670 1000 sacrificiu
691 932 821 1022 placans
833 933 959 1009 Deum,
979 955 1044 998 non
1066 931 1171 999 solnm

140 1069 154 1103 ι
170 1107 172 1116 ,
186 1039 349 1130 praeseutis
363 1039 435 1106 vita
449 1039 635 1129 naufragia,
653 1039 709 1106 sed
724 1040 822 1106 etiam
833 1040 932 1107 futuri
944 1037 1043 1105 seculi
1060 1039 1170 1105 incen-

138 1178 153 1214 ι
187 1147 238 1214 dia
260 1148 380 1215 evitare
399 1159 534 1236 posset.»
562 1146 784 1236 (Commonit.
813 1171 839 1214 r.
868 1147 1003 1234 initio.)
1027 1145 1119 1212 Unde
1138 1145 1172 1211 iu

138 1255 371 1322 monasterium
388 1253 554 1322 Lirinense
565 1277 600 1320 se
619 1255 758 1344 recepit,
779 1255 832 1322 ubi
850 1255 912 1322 vita
933 1253 1064 1321 iunctus
1078 1253 1172 1343 paci-

139 1363 202 1430 fici
215 1360 383 1452 pacificam
391 1370 529 1427 mortam
541 1359 673 1427 sortitus
686 1373 829 1428 estanno
840 1363 916 1442 448.
932 1353 1020 1427 luter
1032 1358 1172 1427 Sanctus

12 1507 16 1522 ·
138 1474 158 1534 a
175 1466 403 1557 Martyrologio
417 1467 585 1544 Romano,
602 1465 654 1533 die
671 1470 713 1548 24
730 1467 856 1546 Martii,
873 1479 1069 1535 recensetur.

139 1567 141 1574 ⁸
187 1572 364 1662 Scripserat
379 1572 466 1640 circu
478 1593 598 1638 annum
615 1572 680 1652 454
698 1573 1000 1639 Commonitorium
1013 1571 1173 1639 odocrsita

139 1677 327 1755 bceretioos,
343 1700 408 1766 que
426 1677 581 1767 principia
597 1676 754 1744 hereticis
770 1677 901 1766 quidem
918 1679 1091 1757 omuibus,
1113 1677 1171 1744 sed

127 1782 339 1866 ‚Nestorianis
366 1783 568 1871 potissimum
592 1781 795 1849 confutandis
818 1783 980 1872 aptissima
1002 1783 1167 1872 proponit.

138 1889 226 1956 Huic
241 1888 442 1979 potissimum
454 1888 569 1954 insistit
583 1885 719 1977 regulae,
732 1911 815 1954 nova
830 1895 997 1978 uunquam
1012 1889 1046 1954 in
1055 1887 1171 1955 Eccle-

139 1996 188 2062 sii
203 1993 413 2084 proferenda,
431 1991 506 2060 licet
521 1993 667 2082 quadam
684 2000 766 2061 norb
777 1995 900 2083 possint
914 1993 1062 2086 proferri.
1075 1993 1171 2060 Liber

139 2100 196 2170 ille
207 2100 454 2191 cogitationibus
467 2100 629 2190 exquisitis
648 2102 803 2179 refertus,
824 2101 1058 2193 perspicuoque
1077 2123 1170 2166 com-

139 2205 494 2295 mendabiliseloqum,
513 2207 639 2275 duobus
661 2209 800 2298 primbm
819 2208 988 2276 constabat
1003 2205 1171 2297 partibus,

139 2337 281 2404 quarum
289 2313 429 2380 secunda
446 2313 487 2380 de
500 2314 636 2382 concilio
652 2315 814 2406 Ephesius
827 2314 991 2405 agebatur.
1010 2313 1082 2394 Qua
1095 2313 1171 2402 qui-

141 2420 218 2488 dem
242 2417 464 2488 fraudulenter
484 2420 634 2498 sublata,
655 2421 850 2488 breviarium
873 2418 1096 2487 tantummode
1119 2442 1171 2486 su-

140 2525 285 2616 perluit,
301 2523 389 2614 quod
404 2526 445 2591 ad
460 2523 583 2594 calcem
599 2527 703 2616 operis
718 2525 824 2616 legere
839 2538 898 2592 est.
1016 2610 1022 2615 ⁸

186 2630 349 2702 Laudatus
368 2645 417 2697 est
439 2635 547 2698 tbmd
569 2631 603 2702 S.
626 2631 807 2709 Eucherio,
827 2631 882 2720 qui
896 2629 988 2698 illum
1005 2641 1099 2698 vocat
1115 2631 1171 2696 in-
1221 2645 1225 2659 “

142 2754 248 2806 teram·
259 2755 428 2830 gemmam
447 2737 620 2827 splendore
630 2739 859 2828 perspicuam,
875 2735 1036 2825 (Deland.
1052 2736 1168 2822 erem.)

140 2851 212 2929 tium
234 2850 253 2910 a
274 2841 440 2913 Gennadia
458 2845 513 2934 qui
537 2844 579 2911 ita
597 2843 711 2912 dc'illo
732 2843 874 2934 loquitur
897 2869 906 2911 ε
928 2843 1168 2922 «Vincentius,

43 2947 46 2956 ’
139 2954 315 3022 »natione
331 2950 461 3029 Gallus,
477 2951 564 3042 apud
586 2953 815 3020 monasterium
828 2955 869 3020 'iu
890 2953 1047 3020 Lirinensi
1067 2951 1171 3020 iusuli
1261 3001 1265 3010 ,
1337 2939 1340 2950 ¹

140 3088 155 3123 s
184 3057 379 3148 praesbyter,
396 3056 444 3123 vir
458 3056 491 3123 iu
508 3055 681 3146 Scripturis
704 3050 821 3126 sanctis
841 3057 976 3136 doctus,
999 3071 1032 3124 et
1054 3059 1167 3125 notitiri

142 3193 157 3231 r
187 3161 478 3232 ecclesiasticorum
486 3162 673 3253 dogmatum
681 3163 1072 3241 sufficienterinstructus,
1084 3187 1172 3232 cum·

141 3301 155 3340 r
169 3304 171 3308 ·
184 3271 292 3362 posuit
300 3270 340 3337 ad
348 3270 519 3336 evertenda
530 3271 754 3340 haereticorum
762 3271 896 3362 collegia
904 3271 1045 3361 nitidcet
1057 3285 1169 3360 aperto

141 3408 154 3443 ι
185 3401 333 3457 sermone
348 3375 574 3448 validissimam
589 3379 882 3470 disputationem».
905 3379 1035 3467 (dacio.
1047 3381 1167 3470 illust.)

455 3607 625 3656 tutatotttts
652 3607 833 3654 stimuleum·

185 3799 220 3866 S.
239 3791 399 3872 Vincentii
414 3775 586 3872 Lirinensis
604 3804 796 3896 opusculum
811 3808 924 3898 saepibs
941 3809 973 3874 iu
994 3808 1089 3876 variis
1105 3807 1169 3878 col-

140 3901 331 3976 lectionibus
344 3931 515 3987 oxcusum,
532 3911 671 3980 marius
681 3909 851 4002 legendum
865 3925 913 3980 est
927 3937 1004 3981 cum
1013 3911 1163 3982 Salviano
