2942 4568
771 289 907 446 aar>

325 504 422 587 quim
440 505 458 566 a
479 495 624 590 'religiosi
651 497 824 568 recedebat
846 499 1002 570 modestia
1019 505 1244 588 ,quanquam
1268 498 1362 586 rogia
1444 517 1445 532 ¹

325 605 439 693 saepiirs
454 629 572 674 mensa
588 605 751 674 assideret.
764 605 882 674 Fertur
894 617 1016 681 autem,
1026 603 1114 692 quod
1127 609 1204 671 cirm
1221 603 1363 693 quddam

326 709 378 776 die
393 710 491 801 rogali
510 713 658 787 convivio
675 712 860 789 interesset,
877 733 1037 780 novorum
1052 735 1133 800 quos
1149 709 1366 800 impugnabat

325 813 577 884 Manichaeorum
600 815 813 884 confutationi
832 817 991 894 intentus,
1009 817 1116 882 subito
1130 837 1279 882 mensam
1293 837 1367 904 per-

325 924 450 990 cutiens
467 923 695 994 exclamaverit
710 949 718 990 ε
733 924 936 992 Conclusam
952 941 998 991 cst
1012 941 1129 992 eontra
1145 921 1365 990 ,nantelmo

328 1028 425 1109 Quod
438 1029 813 1096 ddmbPrioremonitus
829 1027 916 1118 apud
931 1027 1052 1118 Rag'em
1068 1049 1222 1096 excusare
1235 1027 1367 1103 nititur,

325 1148 566 1223 argumentum,
582 1135 718 1226 jubente
731 1135 858 1226 Regna
871 1135 977 1205 scribi
994 1135 1114 1204 cartha
1125 1133 1369 1211 mandatur,na

325 1241 409 1311 lertb
424 1244 579 1312 memoria
596 1244 771 1312 excideret.

373 1347 520 1432 interfuit
536 1371 621 1417 anno
639 1350 722 1439 1259
737 1347 887 1438 Capitale
901 1333 1035 1416 Ordinis
1050 1330 1209 1439 generali,
1219 1344 1280 1412 ubi
1293 1367 1362 1413 cum

327 1455 461 1524 Alberto
487 1479 630 1547 magno,
654 1457 823 1545 tribusque
848 1447 919 1524 aliis
941 1456 1137 1524 Ductoribus
1162 1454 1258 1546 plura
1282 1453 1369 1522 circa

194 1627 213 1666 ,·
326 1561 510 1628 studiorum
525 1561 727 1652 disciplinans
751 1574 893 1630 statuere
915 1563 1020 1651 jussus
1038 1551 1262 1630 est.⁴llomam
1284 1584 1370 1626 anno

331 1670 411 1737 1261
428 1669 468 1736 ab
481 1669 612 1736 Urbano
628 1669 713 1760 Papa
726 1669 771 1739 IV
784 1683 935 1745 vocatus,
969 1668 1179 1759 Theologiam
1193 1669 1266 1758 pari
1282 1668 1369 1734 lama

247 1789 248 1794 ’
326 1777 449 1846 docuit.
463 1777 514 1848 Ad
527 1779 764 1874 Episcopatum·
774 1779 888 1870 saepiirs
901 1780 941 1845 ab
958 1777 1073 1846 eodem
1087 1776 1247 1846 Pontifice
1259 1787 1372 1866 postu·

326 1885 429 1962 latus,
446 1899 632 1956 constanter
655 1891 836 1966 recusavit,
851 1889 1129 1976 monasticamque
1146 1883 1370 1982 bumilitatem

327 1993 561 2064 Ecclesiasticis
575 1994 717 2085 praetulit
738 1996 956 2086 dignitatibus.
983 1994 1132 2063 Publicos
1147 1995 1270 2070 interea
1291 2015 1372 2059 con·

327 2103 437 2168 aiones
452 2101 574 2168 habere
589 2125 655 2170 non
674 2098 868 2182 desistebat,
891 2103 1008 2192 quibus
1025 2099 1104 2168 tales
1120 2099 1294 2189 aliquando
1310 2097 1371 2164 eli-

328 2205 434 2274 ciebat
445 2205 560 2282 lletus,
574 2219 610 2272 ut
622 2231 806 2272 sermonem
818 2207 1033 2272 intermittere
1049 2215 1227 2295 cogeretur.

355 2309 457 2385 ,cam
474 2309 607 2400 Neapoli
623 2310 792 2400 paululirm
808 2325 1013 2389 moraretur,
1030 2312 1114 2378 visus
1142 2322 1190 2377 est
1215 2331 1313 2398 supra
1339 2333 1371 2376 se

330 2430 439 2508 raptus
452 2442 561 2487 coram
569 2419 734 2488 Crucifixo
746 2461 755 2498 ,
773 2420 866 2509 cujus
875 2443 931 2487 ore
940 2420 1009 2486 heo
1021 2417 1369 2508 vcrbaprecedebant:

330 2525 420 2600 Beate
439 2525 602 2616 scripsisti
624 2525 664 2592 de
690 2551 761 2604 ma,
783 2525 933 2606 Tboma,
956 2547 1058 2614 quam
1079 2527 1262 2592 mercedem
1286 2525 1371 2590 aeci·

327 2631 488 2726 piasiCui
504 2631 689 2724 respondit:
706 2632 784 2700 Noa
798 2632 919 2709 aliam,
935 2632 1006 2698 nisi
1021 2647 1063 2709 ce,
1076 2631 1234 2697 Domine.
1245 2629 1370 2698 Asexsa'

330 2729 520 2804 Decembris
536 2735 588 2804 die
604 2737 679 2802 anni
700 2737 804 2824 1275,
821 2759 923 2825 usque
939 2735 980 2801 ad
996 2735 1164 2826 septimam
1176 2733 1284 2801 Martii
1294 2733 1369 2800 anni

331 2841 514 2928 sequentis,
531 2846 593 2930 qud
616 2854 763 2910 mortuus
786 2853 852 2919 est,
871 2839 993 2907 nullam
1018 2841 1085 2908 sive
1100 2839 1283 2928 loquendo,
1306 2840 1370 2906 sire

332 2946 503 3013 scribendo
527 2945 798 3038 Theologicorum
814 2949 1014 3014 mentionem
1030 2946 1096 3037 pati
1115 2945 1237 3024 voluit,
1256 2969 1370 3012 annos

226 3131 231 3136 ,
332 3077 395 3142 que
415 3065 551 3119 aeternos
567 3055 600 3120 in
618 3068 726 3123 mento
749 3061 875 3124 tantiam
896 3056 1017 3122 habero
1042 3067 1273 3145 proposuerat,
1295 3059 1370 3121 cirm

270 3246 274 3256 β
331 3158 466 3248 jubente
482 3158 638 3249 Gregorio
653 3161 687 3229 X
702 3186 791 3230 arma
808 3167 916 3230 rursirs
936 3161 1072 3229 induero
1094 3159 1321 3250 compellitur,
1337 3172 1371 3226 ut

332 3263 538 3352 Lugdunensi
552 3265 696 3340 Concilio
708 3267 847 3358 generali
859 3268 1013 3336 doctrinae
1026 3267 1186 3358 praeberet
1199 3260 1365 3334 nubilium.

334 3368 466 3436 Infirma
486 3368 562 3438 licet
577 3368 760 3438 valetudine
783 3373 891 3437 statim
914 3371 1104 3460 proiectus,
1128 3371 1369 3460 ingravescente

334 3473 462 3554 morbo,
471 3473 741 3542 inmonastorium
753 3473 995 3542 Fossanovense
1007 3474 1138 3541 Ordinis
1153 3473 1369 3542 Cistersiensis

335 3576 368 3642 in
378 3577 515 3644 Dioecesi
531 3567 738 3658 ‘l'aracinonsi
753 3579 910 3646 divertere
926 3590 1056 3646 coactus
1072 3591 1130 3646 est.
1145 3578 1369 3670 Qua-mingre-

335 3682 425 3750 diens
437 3683 485 3750 bis
497 3683 672 3758 Psalmistae
695 3685 800 3753 verbis
817 3685 966 3753 salutavit
981 3709 988 3751 :
1006 3680 1074 3752 Hic
1088 3686 1217 3772 requies
1237 3708 1315 3754 mec
1336 3686 1371 3749 ia

335 3789 480 3856 seculum
495 3792 606 3872 saculi.
625 3792 725 3864 Lecto
739 3793 907 3870 addictus,
924 3792 1039 3882 saepiirs
1056 3791 1126 3859 heo
1143 3791 1180 3857 Β.
1200 3789 1369 3880 Augustini

337 3892 423 3960 dicta
447 3893 632 3964 revolvebat
650 3921 693 3965 rr
719 3895 779 3964 Hei
806 3897 906 3977 mihi,
927 3896 1086 3989 Domine,
1111 3897 1263 3964 miserere
1287 3905 1368 3972 mel,
1444 3905 1445 3990 ξ
