2956 4586
725 419 839 508 (10)
879 495 881 502 ,
983 451 988 462 ‘

261 573 280 616 ))
309 541 480 649 probare
496 541 668 641 student,
689 560 736 622 ut
750 543 903 651 rejectis
918 541 1095 650 profanis
1118 546 1305 652 profano-

260 698 279 739 »
306 694 397 744 rum
425 667 690 767 novitatibus,
716 684 1112 746 sanctasanctorum
1141 671 1304 750 Patrum

181 893 183 900 Ι
259 823 279 867 >>
308 790 398 870 fidei
411 793 642 894 inhaereant,
651 791 966 898 adglutinentur,
978 794 1272 877 immoriantur.
1285 832 1303 872 »

314 915 435 1018 Quod
457 934 587 996 autem
618 916 668 996 ad
692 917 962 1026 eloquentiam
987 919 1146 1019 attinet,
1177 921 1344 1000 faten---

261 1037 358 1118 dum
377 1059 434 1120 est
457 1042 561 1142 illos,
583 1041 669 1121 edm
699 1069 785 1119 non
801 1043 979 1120 venerint
1000 1043 1041 1120 in
1067 1043 1305 1126 sublimitate

260 1167 459 1260 sermonis,
478 1195 549 1244 nec
567 1167 608 1244 in
611 1165 935 1274 persuasibilibus
950 1151 1137 1245 damonae
1150 1170 1305 1276 supien-

261 1291 326 1366 tiae
343 1291 481 1368 >verbis
501 1292 782 1370 annuntiantes
806 1291 1065 1371 testimoninm
1091 1293 1236 1372 Christi·
1261 1306 1305 1388 ¹,·

260 1415 341 1494 sive
352 1416 478 1495 latino
489 1417 770 1515 sermone,sive
780 1445 907 1522 graeco
919 1414 1106 1517 dixerint,
1116 1447 1200 1497 non
1210 1447 1305 1499 sem-

248 1567 332 1647 per
349 1543 429 1618 tem
440 1534 582 1648 puram
595 1540 846 1649 nitidamque
859 1543 1084 1620 orationem
1097 1541 1304 1644 adhibere,

259 1649 452 1771 quantam
469 1665 626 1744 Tullius
637 1667 702 1744 ille
712 1665 773 1744 vel
786 1665 1081 1744 Demosthenes.
1100 1666 1188 1766 Sed,
1204 1695 1305 1774 prae-

259 1791 442 1896 terquam
462 1787 574 1896 qued
593 1789 724 1870 minirs
740 1819 900 1898 aequum
917 1788 1121 1869 videretur
1142 1791 1248 1870 inter
1266 1802 1305 1870 se
1324 1850 1327 1854 -

259 1913 438 1994 conferre
457 1934 642 1995 auctores
668 1919 750 1994 tam
777 1915 944 1994 diversae
966 1917 1108 2015 rotatio,
1131 1901 1305 2025 quorum

259 2037 328 2114 alii
352 2039 395 2114 in
423 2035 752 2144 splendoresalii-
780 2038 875 2117 vero
907 2041 950 2117 in
979 2058 1121 2121 occasu
1150 2056 1304 2148 tempo-

159 2165 162 2174 “
190 2167 191 2172 ’
259 2171 350 2239 rum
377 2163 687 2270 linguarumque
710 2162 986 2264 versabantur,
1004 2163 1228 2244 notandum
1248 2185 1306 2275 est

259 2313 446 2392 magnum
475 2315 555 2366 esse
590 2287 805 2366 discrimen
842 2289 948 2374 inter
974 2288 1238 2377 elocutionem
1267 2307 1306 2370 et
1352 2381 1360 2403 1

258 2413 545 2522 eloquentiam;
570 2415 743 2494 elocutio
769 2414 890 2493 verba
911 2413 1209 2524 verborumque
1224 2414 1305 2494 dis-

236 2527 515 2648 positionem,
536 2540 764 2648 eloquentia
792 2568 854 2618 res
878 2569 1094 2648 rerumque
1123 2539 1304 2620 ordinem

258 2665 429 2742 maxime
449 2681 611 2770 spectat.
631 2663 671 2742 Si
693 2665 783 2770 quis
801 2663 917 2769 ergo,
938 2667 1079 2770 agresti
1105 2665 1200 2744 licet
1217 2695 1305 2744 ora-

246 2789 369 2866 tioue
391 2807 527 2888 utens,
547 2790 726 2866 animum
746 2807 878 2870 tamen
903 2791 1055 2871 lumine
1070 2771 1303 2898 percellere,

259 2915 547 3021 commotisquc
576 2913 717 2993 mentis
743 2913 1043 3021 quodammodo
1070 2913 1309 3020 praecordiis·

259 3037 453 3142 lacrymas
468 3055 507 3116 et
523 3029 690 3144 gemitus
700 3039 839 3116 elicere
852 3039 1038 3136 valuerit3
1048 3039 1129 3146 jam
1142 3038 1209 3116 ille
1220 3067 1303 3116 non

258 3159 392 3239 forsan
414 3162 515 3240 bene
546 3163 711 3268 loquens
735 3162 920 3259 evasisse,
939 3160 1007 3240 sed
1035 3161 1227 3268 eloquens
1246 3160 1305 3240 di-

259 3285 407 3365 cendus
434 3304 502 3365 cst.
529 3287 628 3386 Quae
652 3287 684 3362 si
708 3314 801 3363 vera
828 3287 927 3384 sint,
953 3314 1088 3364 nonne
1112 3287 1304 3393 eloquens

258 3430 343 3492 erat
360 3393 494 3491 noster
514 3412 580 3490 ille
601 3411 768 3508 Paulus,
787 3397 908 3508 olim,
922 3413 993 3488 etsi
1010 3412 1210 3519 imperitus
1226 3439 1305 3489 ser-

252 3567 371 3616 ·naone
385 3551 411 3636 ²,
428 3567 536 3615 nunc
556 3536 830 3614 tremefactum
846 3537 1117 3644 alloqueretur
1132 3565 1305 3648 procon-

172 3669 175 3672 ’
258 3666 403 3761 sulem,
416 3693 524 3742 nunc
545 3662 588 3741 in
610 3663 696 3771 ipsd
714 3663 1052 3771 philosophorum
1080 3682 1303 3742 oratorum-

257 3817 335 3896 que
348 3806 472 3866 matre
484 3788 640 3866 Graecid
652 3787 835 3894 ignotum
847 3788 1158 3868 Atheniensibus
1174 3791 1302 3884 Deum

292 3971 400 4022 11C0r.
413 3967 632 4035 u,1,4.-²1d.
646 3967 705 4020 ibid.
721 3969 748 4020 6.
775 3959 784 3972 ’
839 3951 842 3954 ¹
