2960 4592
445 363 460 400 Ι
557 351 696 446 (595)

122 527 125 534 =
161 491 313 561 nothario
327 497 454 561 rurshm
468 515 554 560 anne
569 493 633 581 950
650 490 819 568 dolonem,
840 490 1071 584 nonagenas
1087 483 1118 558 ΙΙ
1134 539 1144 567 ,

118 597 216 666 ltaliae
236 623 389 670 coronam
406 599 466 667 sihi
482 598 642 676 vindieat,
663 621 741 668 cum
758 597 946 666 Adulterto
959 595 1039 664 lilio·
1057 595 1148 662 Ade-

119 707 346 788 laidusutem,
363 707 504 775 Lotharii
519 707 615 775 vidua
629 757 639 785 ‚
652 705 818 778 Othonem
833 706 847 772 Ι
861 705 1100 794 Imperatorem·
1113 703 1149 769 in

108 809 374 881 -auxiliumrocat
384 808 1032 903 DorictosBerengariumethdalhertum
1044 829 1149 898 regno

118 917 181 986 frui
196 921 364 1011 permittit,
376 919 631 1010 Adelaidamqne
644 920 679 987 in
692 919 936 987 matrimonium
945 917 1044 986 ducit.
1060 915 1144 983 (lum
1278 973 1284 986 ,

119 1037 225 1095 autem
248 1028 321 1094 novi
343 1025 510 1096 illi-Italiae
531 1047 623 1118 reges
645 1023 772 1094 ltaliam
794 1023 946 1092 simulet
966 1021 1147 1092 Ecclesiam

117 1129 294 1202 Romanam
324 1147 496 1211 vexarent,
526 1134 566 1200 ah
602 1131 693 1202 letis
719 1131 948 1223 expelluntur,
979 1133 1149 1220 victorque

116 1237 204 1306 Otho
218 1262 372 1309 coronam
382 1239 671 1331 Longobardornm
685 1245 703 1306 h
719 1237 951 1307 Mediolanensi
963 1236 1148 1328 Archiepis·
1266 1249 1270 1260 '

114 1366 216 1434 copo,
236 1344 407 1436 lm‘periale
423 1358 531 1414 autem
544 1345 689 1437 diadema
706 1345 747 1414 ah
763 1345 838 1436 ipso⁴
849 1365 976 1412 summo
987 1342 1147 1412 Pontihco

115 1448 243 1520 doanne
257 1449 323 1520 XII
344 1451 487 1542 suscipit.
546 1467 549 1474 ’
856 1531 858 1535 Ι

160 1555 249 1623 Inter
269 1579 381 1625 omnes
400 1569 509 1624 antem
529 1555 599 1625 illas
614 1558 841 1626 concussiones
864 1557 996 1624 immota
1015 1577 1150 1648 porma-

69 1655 72 1659 ’
115 1659 1140 1752 nehatlloma‚quaeahAlhorico,hlarosiaelilio,loannisqule
1215 1749 1218 1756 ,

109 1766 214 1834 fratre
236 1767 468 1856 occupabatur.
488 1765 567 1845 llle,
585 1775 709 1835 mutata
726 1766 1010 1859 administrationis
1024 1751 1156 1843 forma,¹

116 1872 265 1942 Consulis
284 1895 405 1940 nomen
422 1873 485 1940 sibi
509 1872 676 1952 vindieat,
694 1872 874 1962 urbemque
900 1861 1014 1942 contra
1037 1893 1149 1939 omnes

115 1975 382 2046 contendentium
401 1989 536 2047 conatus
553 1975 686 2052 viriliter
704 1975 858 2044 defendit.
882 1976 962 2068 Ejus
982 1998 1067 2042 anno
1084 1975 1151 2064 954
1209 1983 1225 2012 ’·

85 2113 90 2120 ·
114 2079 235 2148 mortui
246 2079 477 2170 vicestu'seipit
487 2079 573 2148 filins
590 2081 817 2158 Octauianus,
834 2079 908 2170 qui,
926 2090 965 2147 ut
973 2077 1149 2168 spiritalem
1178 2169 1181 2175 Ι

115 2196 307 2276 potestatem
322 2185 494 2278 temporali
507 2187 689 2274 auctoritati
695 2187 923 2266 consociaret,
940 2211 975 2256 se
986 2185 1028 2257 ad
1042 2185 1161 2254 Ponti·
1282 2229 1287 2236 -

116 2289 251 2358 dicatum
265 2293 448 2380 promoveri
463 2293 607 2372 curavit,
623 2294 811 2384 primusque
831 2294 978 2361 omnium
998 2315 1119 2360 nomen
1138 2345 1148 2372 ,

120 2405 270 2483 suscepto
283 2392 493 2475 Pontificatu,
509 2398 664 2477 mutavit,
678 2411 711 2466 et
727 2399 832 2468 dictus
846 2412 894 2466 est
910 2395 1051 2466 Joannes
1067 2397 1146 2468 ΧΙΙ.

116 2499 228 2569 Annos
263 2508 390 2570 tantum
416 2507 454 2572 18
485 2517 601 2586 natus,
625 2519 830 2576 consecratus
857 2519 906 2574 est
935 2505 1151 2606 indignusque

110 2605 308 2676 Pontificatu
322 2607 499 2678 Ecclesiam
514 2611 599 2678 vitiis
613 2611 759 2692 foedarit,
772 2625 806 2681 et
820 2624 972 2682 vocatum
984 2610 1150 2681 Othonem

117 2713 330 2806 Imperatorio
341 2715 522 2787 diademate
532 2719 704 2790 redimivit.

551 2937 720 3009 GALLlh.

164 3155 305 3224 Carolus
321 3155 387 3236 111,
403 3156 597 3248 cognomina
609 3158 784 3250 Simplex,
805 3179 941 3248 regnum
963 3155 1153 3248 aliquandiu
1205 3181 1216 3196 ·

118 3259 255 3352 pacifice
267 3259 468 3354 gerit'rln'no
479 3277 660 3354 eutem9an
675 3263 991 3356 Bobcrteseligitur,
1007 3262 1153 3332 Rhamis·

119 3391 183 3456 qua
194 3382 404 3438 consecratur
421 3393 478 3438 rex
486 3367 618 3450 Gallia,
634 3371 688 3440 cui
703 3371 787 3438 inter
801 3369 1013 3460 praeliandum
1029 3367 1149 3444 occism

58 3487 62 3492 ’
120 3475 326 3542 substituitur
336 3477 549 3568 Radulplsus,
564 3479 832 3570 Burgundionum
843 3477 927 3545 Dux.
942 3475 1076 3542 Carolus
1092 3498 1152 3542 au-

119 3589 187 3648 tem
210 3592 322 3671 captus
343 3580 485 3671 primum
510 3591 596 3651 anno
615 3585 700 3673 925,
722 3582 755 3650 in
771 3603 902 3650 earcere
923 3585 1034 3670 postea
1052 3578 1157 3664 linem

118 3683 191 3751 vite
206 3684 328 3752 invenit
342 3709 428 3752 anno
449 3709 524 3778 929.

164 3787 380 3880 liudulphus,
394 3791 450 3881 qui
460 3791 566 3862 Garoli
574 3793 659 3862 vices
671 3793 843 3869 invaserat,
856 3813 992 3882 regnum
1004 3789 1161 3884 producit

120 3899 222 3986 usque
241 3894 283 3962 ad
296 3917 418 3968 annum
434 3898 511 3986 956.
799 3907 802 3912 “
