2960 4592
732 325 743 334 ’·
834 303 1035 430 ‹oot'

385 471 479 542 lamis
493 489 609 566 praeter
625 474 819 544 dioeccsanos
835 499 968 554 omnes,
985 481 1071 558 douo
1087 480 1171 550 viros
1187 498 1243 551 aut
1260 485 1405 570 mulieres

387 580 514 648 miserit
523 582 699 649 Arvernam
708 582 857 650 secedere
870 583 1053 674 compulsos
1067 587 1205 675 profusis
1224 595 1407 669 sustentavit

346 715 350 722 ¹
387 681 606 773 eleemosynis.
623 684 706 751 (lum
721 685 835 752 urbem
847 686 1066 754 obsidentibus
1081 689 1196 759 Gothis
1208 693 1332 763 fortiter
1345 720 1406 763 res·

381 794 557 872 tuissent
578 795 754 864 victoribus
776 794 961 885 aliquandiu
984 797 1132 888 expulsus
1156 815 1223 882 est,
1244 806 1301 872 sed
1320 806 1406 872 brevi

387 900 561 968 restitutus.
578 900 698 968 lterum
711 901 885 990 exagitatus
895 909 912 968 d
921 903 1047 970 duobus
1059 907 1164 994 previa
1176 911 1402 990 sacerdotibus,

386 1008 442 1096 qui
458 1005 548 1078 illum
563 1013 581 1077 a
597 1008 784 1098 pontificatu
804 1008 898 1076 simul
913 1022 946 1075 et
961 1010 1000 1075 ab
1020 1012 1101 1077 urbe
1124 1013 1327 1104 dejecerant,
1346 1019 1404 1084 ite-

386 1123 523 1207 rumque
534 1129 606 1208 post
621 1136 742 1190 annum
754 1116 931 1185 honorifice
943 1133 1111 1186 revocatus
1123 1171 1132 1198 ,
1146 1124 1405 1211 quievittandem

261 1220 263 1228 ’
385 1224 419 1290 in
431 1239 530 1311 pace,
547 1219 1213 1311 annoChristi487,episcopat‘rls15,vitae
1225 1240 1333 1296 autem
1350 1230 1400 1299 56.

429 1327 608 1394 Remanent
618 1333 719 1416 usque
734 1325 858 1393 adhuc:
877 1340 921 1395 1.⁰
936 1351 1056 1396 novem
1067 1330 1295 1420 Epistolurum
1313 1333 1404 1411 libri,

387 1457 456 1525 quae
468 1433 534 1500 fere
550 1455 661 1498 omnes
677 1432 761 1502 circa
778 1432 910 1520 prosena
928 1447 1093 1500 versantur
1110 1450 1314 1525 argumenta,
1333 1438 1407 1507 licet

387 1539 531 1632 quaedam
549 1538 672 1606 extrahi
687 1539 828 1628 possint,
845 1561 916 1628 qum
931 1538 973 1608 ad
987 1539 1189 1631 disciplinam
1207 1543 1388 1631 pertineant
1394 1570 1403 1618 ;

388 1657 434 1712 αθ
448 1645 575 1737 viginti
590 1660 730 1732 quatuor
745 1645 923 1720 carmina,
942 1645 1058 1732 qulbus
1072 1652 1249 1736 praesertlm
1264 1661 1330 1716 tres
1347 1650 1407 1717 lm-

385 1763 567 1841 peratorea‚
591 1749 749 1828 Avitum,
775 1749 1011 1838 Maiorianum,
1040 1766 1073 1822 et
1089 1753 1321 1834 Anthemium,
1347 1777 1408 1830 nee

384 1859 573 1947 ineptepnec
589 1855 784 1946 ineleganter
799 1855 949 1934 celebrat,

402 1969 405 1976 ’
431 1971 484 2052 Itt'
501 1973 681 2048 liberullum
705 1981 822 2048 artium
844 1979 942 2070 glorie
964 1981 1098 2060 lloruit,
1122 1995 1157 2060 ut
1183 1992 1201 2050 a
1230 1985 1408 2058 Claudiano

385 2088 574 2185 Mammetto
585 2091 753 2157 vocaretur
761 2087 961 2154 disertmort
970 2087 1282 2167 eruditissimae
1292 2091 1412 2160 voterit

384 2196 575 2282 eloquentior
594 2209 776 2284 reparator.
795 2191 950 2274 Encomio
968 2207 1145 2262 consonant
1162 2191 1300 2286 scripta;
1320 2193 1404 2290 inge

383 2301 475 2368 niceo
485 2301 558 2391 igne
569 2298 758 2374 scintillarum
774 2297 986 2394 salequodam
998 2313 1090 2390 grato
1104 2295 1315 2378 cendlunturz
1329 2306 1409 2371 raris

384 2406 479 2476 simut
494 2419 526 2474 et
537 2405 687 2497 jucundis
700 2403 944 2494 cogitationibus
960 2406 1146 2482 abnndant;
1169 2410 1323 2476 varietate
1342 2423 1412 2476 ser-

384 2514 487 2580 monis
504 2524 614 2604 stupor
629 2511 703 2580 cum
727 2505 940 2580 delectatione
955 2507 1100 2608 injicitur
1109 2537 1119 2588 ;
1138 2511 1214 2580 vere
1230 2513 1411 2603 epistolaris

385 2619 508 2697 dictio,
534 2620 681 2697 concisa,
698 2631 809 2696 acute,
832 2619 1017 2710 pungitiva,
1042 2615 1309 2708 descriptionibus
1325 2638 1410 2709 prae-

385 2728 494 2791 sertlm
515 2737 687 2798 exornata;
713 2723 859 2792 subtilior
873 2723 956 2791 forte
970 2737 1003 2790 et
1019 2723 1189 2813 aliquando
1204 2726 1409 2815 exquisitior,

386 2831 471 2898 unde
490 2831 625 2912 obscura
643 2829 805 2918 saepiuset
820 2827 984 2898 intellectu
1001 2829 1154 2907 difficilis;
1174 2830 1298 2906 verbis,
1315 2853 1413 2898 com⁴

384 2931 602 3026 parationibus
621 2947 653 3001 et
673 2934 868 3024 metaphoris
889 2935 1043 3002 inusitatis
1059 2935 1100 3000 itt
1117 2935 1205 3010 velut
1216 2935 1357 3012 exultat,
1377 2946 1413 3006 ut

384 3057 449 3108 non
458 3039 608 3120 omnibns
615 3055 740 3130 semper
746 3039 930 3128 probandus
936 3037 1091 3104 videatur.
1105 3037 1413 3106 Inclinatomuxime

384 3147 423 3212 nti
446 3137 565 3238 polisim
587 3149 719 3226 animo,
739 3147 844 3215 facilia
861 3128 1013 3236 quidem,
1039 3146 1096 3212 sed
1112 3171 1178 3214 non
1194 3146 1312 3216 incude
1331 3146 1413 3213 satis

290 3339 292 3349 1
384 3265 488 3321 retusa
497 3250 718 3346 'profundebat
733 3254 887 3320 carmina·
903 3251 1038 3331 Severus
1054 3253 1212 3342 suiipsius
1227 3251 1345 3341 judex,
1363 3275 1417 3318 re-

381 3359 474 3448 jectis
492 3375 570 3451 ‘quae
588 3357 807 3428 claudicantia·
820 3359 1011 3426 videbantur
1034 3378 1156 3448 opera,
1178 3357 1232 3424 illa
1253 3364 1385 3424 tantum
1404 3409 1414 3434 ‚

381 3479 452 3554 qum
463 3473 538 3536 veru
553 3461 690 3548 credidit
698 3465 877 3560 posteritati
892 3463 1166 3547 commendanda,
1183 3464 1333 3542 emittere
1350 3487 1414 3532 eu-

385 3564 472 3656 rasit.
