2956 4586
781 374 792 460 l
819 395 859 438 eo
882 373 894 459 l

378 505 460 572 (Ihm
482 518 589 572 autern
614 519 696 572 esset
710 501 940 572 multitudinis
955 504 1158 572 credentium
1180 525 1235 569 eor
1250 525 1355 568 unum

329 625 360 672 et
375 611 491 676 anima
508 634 604 686 una,
631 616 730 688 eum,
754 627 912 700 quotquot
929 634 1120 701 possessores
1137 632 1298 701 agrorum
1324 622 1356 672 et

324 717 508 784 -elontorum
523 715 998 817 erant,·u‘endentesafferrent
1009 720 1119 808 pretia
1143 739 1255 782 eorum
1282 739 1356 801 quoe

329 821 533 898 vendebant,
559 839 589 889 et
609 822 769 912 pone'ront
787 829 864 888 ante
875 823 971 912 pedes
985 821 1243 912 Apostolorum:
1265 819 1349 907 (het.

328 933 361 1010 4.
377 954 408 996 v.
425 931 477 1006 52.
494 928 545 1012 54.
569 933 580 1019 )
599 953 695 1018 quem
710 929 850 996 habebat
861 953 983 1020 agrum
993 929 1149 996 uendhlit
1162 927 1353 1002 Barnabas,

326 1051 358 1100 et
380 1038 494 1102 attulit
521 1037 688 1125 pretium,
712 1051 743 1101 et
758 1035 868 1125 posuit
887 1042 963 1100 onte
982 1035 1080 1124 perles
1105 1033 1349 1124 Apostolorum.

331 1140 501 1229 (Ibidem,
517 1143 593 1230 57.)
612 1140 736 1206 Deinde
760 1145 836 1206 cium
860 1151 1000 1206 mutatus
1023 1138 1279 1228 Hierosolymam
1297 1161 1354 1204 ve-

327 1247 426 1312 nisset
438 1245 554 1312 Paulus
563 1296 572 1322 ,
581 1258 614 1312 et
623 1247 662 1311 ab
675 1269 713 1312 eo
723 1245 872 1334 timentes
884 1243 1082 1312 declinarent
1095 1242 1218 1320 fideles,
1228 1243 1352 1308 Barna-

326 1351 384 1417 bas
398 1403 407 1429 ,
424 1349 665 1442 apprehensum
681 1352 780 1417 duait
799 1352 844 1416 ad
858 1351 1054 1440 Apostolos,
1070 1367 1100 1416 et
1114 1350 1272 1415 narravit
1284 1349 1354 1415 illis

326 1459 488 1544 quomoda
501 1459 539 1522 in
549 1459 608 1525 viel
618 1458 755 1524 uidisset
766 1457 970 1534 Dominum,
983 1473 1012 1522 et
1024 1457 1104 1545 quia
1117 1457 1240 1522 loeutus
1251 1471 1296 1521 est
1303 1458 1334 1521 ei
1342 1481 1349 1521 :

329 1561 427 1652 (Act.
444 1555 478 1650 q.
496 1569 575 1651 27.)
593 1586 657 1650 quo
678 1563 757 1628 tanti
781 1562 840 1627 viri
857 1563 1038 1630 testimonio
1064 1562 1241 1629 securiores
1257 1562 1351 1638 lacti,

325 1667 417 1736 illum
428 1669 512 1734 inter
525 1668 645 1736 fratres
656 1680 857 1760 receperant.

369 1774 444 1840 Post
458 1773 580 1864 aliquot
600 1798 720 1851 annos,
739 1786 905 1864 comperto
919 1775 1005 1863 qubd
1022 1775 1161 1862 quidam
1175 1798 1217 1840 un
1232 1775 1275 1839 iis
1294 1777 1353 1861 qui

325 1869 465 1970 dispersi
485 1883 655 1970 fueranta
674 1880 889 1948 tribulatione
908 1883 998 1968 farta
1018 1882 1077 1948 sub
1098 1881 1284 1968 Stephano,
1304 1882 1353 1946 lo-

324 2004 501 2073 querentur
512 2002 542 2052 et
552 1983 599 2050 aa
611 1987 740 2052 Graecos
751 1985 941 2052 Antiochus
948 1985 1134 2054 Dominum
1141 1986 1165 2050 J
1166 2009 1256 2050 esum
1265 2037 1274 2063 ,
1283 1987 1352 2052 mi-

323 2109 437 2158 serunt
453 2093 606 2180 Apostoli
623 2091 820 2159 Bornabom
842 2097 942 2178 usqae
961 2091 1007 2156 at
1025 2089 1268 2167 Antiochiam,
1293 2093 1353 2179 qui

304 2267 306 2274 ,
324 2200 401 2262 ciem
420 2201 644 2288 peruenisset,
668 2215 698 2265 et
717 2198 854 2264 uidisset
868 2198 1016 2290 gratiam
1031 2198 1114 2276 Dei,
1137 2202 1273 2293 gauisus
1291 2213 1348 2266 est.

308 2295 315 2382 J
323 2293 360 2368 H
363 2297 393 2366 ic
408 2323 519 2368 omnes
534 2303 687 2390 frequens
700 2301 832 2368 hortari
848 2303 886 2366 in
904 2303 1071 2391 proposito
1088 2305 1196 2370 cordis
1216 2323 1351 2392 perma-

322 2431 401 2474 nere
415 2409 453 2472 in
466 2407 612 2476 Domino
624 2457 636 2484 ,
654 2410 735 2496 quia
746 2423 817 2474 erat
831 2410 888 2474 uir
904 2407 1024 2484 bonus,
1043 2423 1073 2474 ot
1084 2407 1201 2496 plenus
1215 2407 1350 2494 Spiritu

322 2514 448 2580 Sancto
463 2529 492 2580 et
507 2514 604 2603 fide(
617 2514 687 2582 Act.
711 2537 760 2580 11.
776 2538 805 2580 v.
829 2537 878 2602 ¹9·
897 2527 930 2578 et
945 2516 1028 2602 seq.)
1124 2559 1127 2566 ⁴

367 2619 433 2686 Sed
454 2626 530 2690 cum
551 2603 638 2686 solub
659 2620 754 2684 tantis
777 2619 939 2684 laboribus
960 2619 1107 2686 sufficere
1130 2642 1196 2684 non
1216 2631 1352 2709 posset,-

324 2728 500 2792 inuentutn
524 2727 669 2794 Paulum
695 2725 855 2815 pertlunit
882 2725 1130 2802 Antiochiam,
1158 2743 1189 2792 et
1219 2743 1351 2792 annum

325 2843 430 2893 totum
444 2829 628 2894 conversati
643 2830 680 2892 in
691 2829 839 2894 Ecclesia
855 2827 1035 2894 desumunt
1047 2827 1181 2894 turbam
1191 2830 1349 2906 multane,
1461 2887 1462 2923 3

324 2934 374 2998 tet
400 2949 436 2998 ut
466 2936 618 3023 primhm
639 2935 957 3024 cognominarentur
976 2931 1166 2999 Antiochia
1192 2933 1350 3023 discipuli

325 3035 512 3104 christiani.
536 3037 711 3124 (Ibidem,
737 3039 806 3125 ab.)

370 3141 509 3230 Urgente
526 3147 599 3208 verb
614 3165 711 3232 quam
728 3141 887 3230 Propheta
901 3142 1090 3230 praedixerat
1104 3142 1233 3232 Agabus
1249 3143 1345 3220 lame,

324 3247 501 3336 discipuli,
515 3263 614 3336 prout
625 3246 914 3334 quisque'habebat
923 3265 1162 3336 proposuerunt
1172 3249 1299 3340 singuli
1310 3250 1350 3312 in

244 3395 254 3412 s
322 3354 549 3418 ministerium
565 3349 699 3418 'mittere
714 3352 942 3418 habitantibus
958 3353 997 3416 in
1013 3353 1038 3417 J
1040 3355 1135 3420 adab
1157 3354 1320 3444 fratribus
1337 3402 1347 3428 ,

323 3457 410 3542 quael
424 3472 454 3521 et
471 3459 618 3546 fecerunt
630 3458 797 3522 mittentes
810 3458 952 3522 seniores
965 3481 1025 3546 per
1047 3481 1167 3524 manus
1180 3457 1350 3524 Barnabae

323 3577 355 3626 et
380 3561 596 3651 Puutt.(1hid.
620 3583 671 3662 sqq.
684 3573 716 3626 et
734 3561 801 3650 bo.)
821 3561 995 3629 Florebant
1018 3575 1125 3628 autem
1145 3565 1177 3630 in
1199 3565 1350 3630 Ecclesia

323 3687 397 3752 quse
408 3681 478 3729 erat
492 3667 524 3730 A
528 3663 703 3730 nthiochiut
715 3665 888 3762 Prophetae
899 3682 929 3730 et
940 3665 1097 3732 Doctores
1109 3668 1253 3756 plurimi
1266 3691 1350 3758 prae-

226 3769 230 3788 '
324 3785 373 3838 ter
399 3773 534 3840 Paulum
556 3785 588 3837 et
613 3773 821 3840 Barnabam:
845 3775 960 3862 quibus
981 3775 1255 3866 ministrantibus
1278 3777 1374 3852 Do·¹
1458 3839 1459 3842 ,

323 3877 417 3942 mino
431 3863 460 3944 et
468 3878 703 3966 jejunantibus
719 3880 808 3948 atate
823 3881 971 3970 Spiritus
981 3867 1128 3949 ¹Sanctus
1146 3907 1157 3950 :
1174 3863 1357 3976 Segregoto¹
