2956 4586
95 325 1147 390 WMM‘WQmuuuwwmoWM'mmm

314 503 560 616 LIBER
595 493 912 623 PRIMUS.

96 741 152 805 De
162 743 251 817 nito,
267 741 419 831 scriptio,
432 741 634 808 editionibus
642 745 839 833 praecipuis,
852 747 1043 838 gallicisque
1053 772 1130 814 ocr-

346 849 494 924 sionibus
508 851 711 930 Sanctorum
727 851 883 924 Parrum.

449 1058 778 1118 ψ

98 1176 238 1316 Ριιιιι
260 1245 421 1334 scriptoris
436 1245 534 1310 virtus
549 1245 582 1309 in
598 1245 827 1334 perspicuitate
850 1241 1101 1334 deprehenditur
1114 1267 1123 1315 ς

99 1364 136 1415 nt
152 1357 228 1441 ergo
245 1349 332 1416 nulle
349 1363 512 1416 remaneat
531 1349 724 1426 indicendis
745 1350 943 1426 obscuritas,
966 1361 1012 1414 tot
1033 1360 1127 1414 eruut

99 1455 224 1545 capite,
240 1466 320 1543 quot
330 1451 457 1528 seculo,
484 1451 678 1542 singulisque
695 1452 810 1521 seculis
822 1451 892 1519 illos
909 1451 1127 1533 adscribamus

100 1563 231 1639 Patres,
251 1561 305 1649 qui
322 1560 363 1626 ed
375 1557 513 1650 singulas
524 1573 632 1626 etates
644 1561 816 1649 pertinent.
836 1559 919 1626 Cum
931 1565 1007 1626 verit
1020 1557 1126 1648 plures

99 1665 179 1764 sint,
198 1665 253 1760 ¹qui
272 1667 305 1732 iu
321 1689 386 1732 uuo
405 1663 514 1732 seculo
533 1666 622 1743 nuti,
641 1666 673 1732 in
690 1663 792 1745 altero
808 1665 968 1740 floruere,
991 1675 1022 1730 et
1041 1664 1126 1730 diem

96 1791 278 1860 extremum
301 1771 468 1847 obierunt,
486 1771 571 1836 hane
589 1793 794 1836 communem
820 1769 1005 1852 admisimus
1030 1791 1126 1857 regu-

59 1935 61 1940 .
98 1886 188 1959 lum,
210 1895 245 1947 ut
264 1881 340 1948 huic
366 1875 475 1948 seculo
495 1875 744 1958 tribuerentur,
771 1874 857 1964 quod
882 1897 993 1940 corum
1022 1886 1127 1938 morte

97 2000 322 2068 consecratum
337 1999 394 2054 est.

286 2285 292 2302 ,
357 2319 359 2321 ,
431 2237 588 2314 ‚CAPUT
605 2237 781 2317 PRIMUM.

298 2427 350 2500 De
363 2435 520 2516 Patribus
532 2439 638 2524 primi
652 2439 809 2534 Ecclcoite
824 2440 933 2512 stottii.

143 2629 253 2696 Patres
262 2599 371 2728 primr
363 2623 486 2706 seculi
502 2626 594 2720 vulgo
615 2627 725 2700 Patres
743 2625 917 2734 Apostolici
942 2639 1122 2704 vocentur,

99 2741 139 2799 eo
157 2731 340 2822 quodcum
365 2729 524 2819 Apostolis
551 2729 738 2820 aliquandilr
762 2731 969 2808 conversati,
992 2755 1062 2819 quae
1086 2729 1125 2810 tlt

100 2840 259 2932 Apostolis
275 2839 452 2906 didicerant
467 2853 499 2905 et
515 2842 575 2942 ipsr
566 2842 733 2911 scribere
748 2843 940 2910 curoveriut
1024 2845 1030 2864 *
1098 2869 1100 2876 ¹

146 2947 220 3027 Quo
235 2959 346 3030 autem
357 2943 481 3026 facilius
498 2945 605 3010 animo
620 2948 743 3049 possint
764 2947 892 3029 admitti
917 2947 967 3017 vel
985 2949 1062 3014 varii
1074 2949 1126 3042 qui

66 3049 69 3054 ’
102 3055 141 3121 ad
163 3053 355 3122 Sanctorum
379 3052 509 3118 Petrum
532 3053 630 3134 vitem
650 3055 811 3146 pertinent
832 3068 983 3136 eventus
1006 3055 1056 3124 vel
1077 3056 1127 3124 di-

100 3181 187 3224 versa
202 3158 733 3258 operum‚quaeeouscr1pserunt
756 3163 1127 3258 arvumeuto‚uou1uu

99 3265 196 3331 tile
168 3290 270 3331 vrsum
287 3277 334 3330 est
350 3266 465 3354 cuique
481 3261 589 3342 seculo
584 3265 755 3368 quasdam
775 3264 874 3340 veluti
892 3265 1024 3332 tabellas
1042 3289 1126 3378 prae-

99 3372 240 3462 figeres
232 3393 264 3437 m
279 3371 394 3460 quibus
407 3393 471 3435 uno
485 3369 602 3450 iutuitu
615 3371 786 3463 complecti
803 3373 917 3451 detur,
935 3367 1050 3478 qualis
1047 3369 1126 3438 tunc

99 3477 192 3543 iuer-it
210 3501 382 3567 regnorum
397 3475 622 3568 religionisque
638 3491 755 3552 stetus3
776 3479 862 3546 unde
878 3479 962 3546 hanc
977 3501 1125 3552 commu.-

99 3609 173 3652 nem
196 3585 315 3683 ubique
339 3596 514 3674 statuemus
536 3585 659 3676 legem,
687 3599 723 3665 ut
751 3585 867 3684 duplex
888 3586 927 3652 sit
949 3583 1122 3660 articulus,

99 3712 234 3778 quorum
249 3692 335 3796 prior
348 3667 559 3800 eppeutlieem
570 3677 758 3768 historicum
771 3692 927 3798 cujusque
937 3687 1035 3764 seculi
1034 3713 1125 3786 prte-

100 3798 227 3873 mittat,
251 3787 409 3886 posterior
425 3803 517 3865 vero
516 3800 601 3866 circe
617 3799 738 3876 vitem,
766 3811 833 3865 eto
815 3821 910 3910 opero
928 3795 1125 3880 Sanctorum

99 3903 229 3970 Petrum
245 3919 397 3972 versetur.
462 3921 465 3924 '
