2956 4586
555 421 560 434 ·
604 391 720 480 (⁹3)

200 535 264 602 lllc
284 535 471 600 narrationis
494 532 674 624 apostolicas
696 533 769 600 linis
795 558 803 599 ε
827 533 867 600 da
887 533 1102 623 coquentibus.
1116 554 1180 598 non

153 642 233 734 'satis
249 652 380 708 constat.
393 640 427 708 Si
440 639 643 708 Theodoreto
655 639 754 718 lides,
768 639 809 706 ad
822 639 854 708 S.
872 639 1005 706 Paulum
1017 661 1180 710 reversus,

157 745 347 814 Corinthum
362 754 425 814 unb
438 770 513 814 cum
526 747 598 814 ‘lito
611 745 724 813 missus
735 758 793 812 est.
808 746 945 812 Romam
956 745 1098 811 invisisse
1109 761 1184 809 nar-

159 850 208 918 rat
222 852 429 930 Dorotbaeus‚
443 865 475 918 et
488 849 756 941 Recoguition'um
767 863 890 918 auctor.
903 851 998 917 Hunc
1010 855 1182 940 patronum

157 955 254 1024 babet
269 959 379 1026 civitas
394 957 640 1026 Mediolanensis
655 1007 664 1036 ,
685 981 755 1047 quae
770 957 935 1025 traditioni
951 958 1116 1030 insistens,
1141 956 1183 1022 li-

156 1063 229 1130 dem
250 1065 289 1130 ab
314 1063 369 1130 illo
389 1065 551 1154 accepisse
570 1063 748 1154 gloriatura
775 1064 863 1131 unde
877 1069 895 1128 a
911 1062 945 1130 S.
969 1061 1084 1130 Garolo
1098 1061 1183 1128 llor—

155 1191 273 1237 romaao
288 1170 377 1236 urbis
393 1168 565 1259 Apostolus
579 1169 771 1258 predicatus
785 1181 845 1234 est.
953 1168 956 1182 '

199 1274 309 1342 Tantis
324 1275 457 1342 demum
471 1273 638 1342 exantlatis
654 1273 835 1352 laboribus,
853 1272 981 1364 Cypro,
1005 1275 1038 1340 in
1053 1275 1122 1363 ipat
1138 1274 1181 1340 ci-

157 1381 272 1460 vitate,
290 1381 446 1472 martyrio
457 1383 576 1459 vitam,
591 1387 742 1472 provecta
755 1381 822 1470 jam
833 1392 1018 1458 senectute,
1032 1401 1184 1449 consum·
1252 1465 1259 1475 ¹

62 1495 69 1510 '
144 1487 263 1552 ‘mavit
278 1485 449 1554 Viventem
468 1485 576 1552 adhuc
598 1484 779 1551 Barnabam
806 1495 1039 1550 commemorat
1065 1481 1183 1550 Paulus

155 1613 240 1658 anuo
254 1593 312 1667 ὅθι
334 1593 346 1679 (
370 1615 397 1657 r.
419 1589 573 1656 Corinth.
600 1613 632 1678 9.
657 1591 716 1680 6.)
737 1589 770 1655 S.
802 1601 909 1656 autem
938 1589 1185 1680 chrysostomus

156 1697 301 1763 nondum
320 1697 485 1764 mortuum
500 1695 598 1761 fuisse
612 1695 763 1786 supponit
778 1717 863 1760 nuno
879 1695 943 1772 fis,
961 1695 1048 1762 unde
1062 1693 1183 1784 proba-

127 1819 131 1828 ·
157 1799 254 1866 bitias
271 1795 531 1868 concludendum
542 1797 672 1866 videtur
685 1797 777 1888 illum
788 1797 872 1864 inter
887 1821 1008 1864 annum
1024 1821 1065 1885 70
1077 1795 1126 1866 vel
1142 1800 1183 1864 80
1281 1845 1284 1874 ,

52 1897 54 1899 ’
160 1903 245 1971 diem
260 1917 438 1970 extremum
452 1903 577 1970 obiisse.

200 2005 341 2102 Epistola
356 2024 635 2100 superest'graeca,
662 2032 732 2100 quae
748 2006 904 2075 Barnabae
922 2007 1052 2076 nominc
1070 2008 1185 2075 inscri-

154 2117 243 2184 bitur
248 2143 260 2194 ;
274 2123 383 2184 utrum
394 2123 470 2186 verb
483 2117 517 2184 S.
531 2117 686 2184 barnabas
697 2119 738 2184 sit
750 2117 960 2184 adscribenda
973 2117 1057 2184 iuter
1072 2115 1183 2184 doctos

155 2251 222 2292 non
238 2227 398 2294 convenit.
418 2227 576 2294 Eusebius
591 2239 624 2294 et
639 2225 855 2318 Hieronymus
873 2227 960 2293 illam
979 2227 1063 2294 inter
1081 2227 1183 2316 scrip-

157 2345 246 2396 turas
269 2331 467 2421 apocryphas
483 2333 666 2400 amendant.
695 2334 786 2400 Idem
806 2331 1035 2424 posterioribus
1057 2345 1184 2421 tompo-

159 2441 249 2508 ribus
265 2429 445 2506 docuerunt
464 2440 499 2507 H
502 2465 564 2532 ugo
580 2442 786 2519 Mauortius,
802 2442 935 2509 Natalis
957 2439 1183 2518 Alsoeaodcm

158 2547 355 2614 contrarium
376 2551 452 2614 verb
471 2547 613 2613 sentiunt
634 2547 853 2625 Homoodus,
875 2545 1027 2622 Vossius,
1043 2545 1183 2621 Battus,

155 2651 333 2740 Dopinus,
354 2663 387 2717 et
405 2653 472 2742 ipse
484 2652 641 2721 Nicotaus
659 2653 840 2743 Lonourry.
860 2650 1060 2720 Probabilius
1076 2661 1185 2716 autem

155 2755 347 2824 crediderim
362 2755 450 2823 illam
466 2781 534 2826 esse
549 2765 660 2826 resera
677 2759 711 2826 S.
738 2758 893 2824 Barnabae
909 2753 1183 2846 adjudicandam,

156 2884 321 2950 unumque
335 2858 444 2927 illuda
458 2861 492 2929 S.
511 2863 711 2954 Hieronymo
723 2873 756 2928 et
769 2845 908 2931 Ebsebio
920 2861 1085 2938 affirmari,
1101 2859 1183 2926 bane

158 2967 244 3034 inter
258 2967 430 3035 canonicas
445 2967 630 3058 Scripturas
645 2992 710 3036 non
725 2991 794 3034 esse
807 2969 1003 3058 deputatam.
1092 2959 1094 2962 ⁵

467 3128 645 3196 Eurrtcnus
668 3148 846 3195 ranctrca.

200 3285 323 3352 Excusa
338 3296 386 3354 est
402 3285 580 3374 praesertim
594 3282 664 3353 baec
681 3281 814 3374 epistola
829 3285 913 3349 inter
931 3279 1046 3348 Patres
1062 3298 1188 3371 aposto-

155 3393 235 3459 licos
250 3399 272 3458 ἰι
289 3392 450 3460 Cotclors‘o
465 3391 587 3471 aditos,
604 3416 655 3460 an.
676 3395 770 3481 1672.

115 3513 117 3522 ’
201 3495 380 3592 Separatlm
397 3505 473 3564 verb
492 3497 599 3568 lucem
613 3501 693 3568 vidit
713 3523 797 3566 anno
817 3497 924 3578 1645,
947 3507 1080 3564 curante
1095 3495 1186 3562 Laod

156 3601 342 3684 Docbcrs‘o,
359 3603 414 3693 qui
427 3617 619 3696 praeparatos
631 3605 671 3671 ab
684 3605 859 3671 immortuo
871 3602 907 3669 H
909 3625 1014 3692 ugano
1022 3601 1059 3669 M
1061 3601 1185 3666 acardo

155 3707 282 3778 labores
300 3733 548 3790 consummare,
573 3723 605 3778 ct
628 3711 661 3778 in
683 3707 851 3802 publicum
880 3703 1027 3775 emittere
1047 3707 1180 3772 curarit.

156 3813 278 3883 Eadem
301 3818 548 3886 Amstclodoms'
568 3828 719 3884 renovata
741 3829 809 3892 est,
826 3825 959 3882 curante
974 3809 1092 3880 Isaoco
1108 3811 1140 3876 V
1140 3830 1187 3878 ot·
1229 3847 1230 3854 κ

156 3922 204 3986 sic
218 3972 228 4000 ,
244 3917 328 3990 anno
346 3925 442 4004 1646.
