2956 4586
597 359 712 446 (45)

129 525 143 557 a
176 496 348 588 objiciam,
372 497 431 563 nisi
455 497 635 586 resipueris.
656 500 727 588 lpse
743 505 840 565 vero:
856 501 936 575 Eas,
955 498 1082 587 inquit,
1105 521 1160 562 ar··

129 631 145 664 a
177 627 276 670 cesse.
297 603 405 692 Neque
420 604 507 670 enim
527 605 715 694 resipiscere
733 604 873 672 solemus
889 609 926 671 eri
941 605 1159 695 resipiscentia

133 736 147 768 a
179 713 243 796 qua
263 714 281 773 a
305 706 490 774 melioribus
507 707 548 773 acl
565 707 724 774 deteriora
746 711 881 776 mutatio
896 709 943 774 lit.
968 709 1094 775 Bonum
1111 719 1159 774 est

135 844 149 875 ι
180 827 285 880 autem
301 837 353 880 me
367 820 385 878 a
400 811 492 879 malis
507 813 556 878 ad
575 814 661 903 justa
688 813 833 880 transire.
856 815 978 881 Rursus
1002 815 1043 879 ad
1064 813 1160 904 Poly*

135 951 149 983 s¹
181 945 312 1010 carpum
329 918 525 1010 proconsul:
540 919 801 1009 quandoquidem
816 921 932 987 bestias
945 921 1068 1010 spernis
1083 971 1092 998 ,
1116 919 1160 985 es-

134 1057 147 1090 »
177 1027 283 1094 ficiam
299 1038 335 1092 ut
349 1027 423 1116 igue
439 1023 657 1103 consumaris,
679 1025 739 1092 nisi
756 1027 947 1096 sententiam
963 1039 1078 1094 mutes.
1100 1025 1160 1093 Cui

133 1165 146 1196 a
177 1133 373 1224 Polycarpus
394 1158 402 1199 :
420 1135 527 1222 ignem
542 1134 695 1206 minaris,
721 1134 775 1222 qui
797 1120 945 1203 ad'horae
960 1135 1098 1224 spatium
1114 1155 1162 1199 ar·

132 1269 145 1302 s
178 1241 232 1306 det
251 1263 290 1305 ac
304 1237 484 1328 paulbpost
500 1238 735 1327 exstinguitur3
759 1239 984 1327 ignorasenim
1004 1237 1094 1304 illum
1110 1239 1162 1304 su-

132 1375 145 1408 »
177 1345 241 1412 turi
261 1345 372 1436 judicii
388 1357 421 1412 et
436 1357 563 1411 eternae
582 1367 686 1433 poenar
708 1344 836 1433 ignem,
860 1343 914 1434 qui
936 1342 1040 1434 impiis
1058 1367 1162 1410 reser-

15 1527 19 1546 .
132 1482 145 1514 »
176 1464 278 1518 vatur.
297 1451 418 1520 Verbm
441 1450 520 1539 quid
542 1449 677 1517 moraris
697 1449 713 1516 i
733 1447 844 1516 Prolbr
863 1449 1090 1540 quodcumque
1104 1471 1162 1515 vo·-

134 1587 146 1619 a
178 1555 315 1624 locris.»

186 1689 199 1724 a
221 1662 298 1728 Haec
312 1669 388 1730 vero
411 1673 507 1752 atque
531 1659 592 1727 alia
615 1659 708 1750 plura
729 1665 805 1726 cum
821 1658 962 1736 diceret,
989 1658 1107 1728 fiducia
1123 1673 1156 1726 et

137 1797 149 1829 ι
181 1767 299 1858 gaudio
315 1767 517 1857 replebatur,
538 1765 689 1855 illiusque
704 1765 811 1833 vultus
822 1763 937 1854 plenus
950 1767 1059 1855 gratiae
1074 1777 1161 1840 orat,

137 1901 150 1934 s
182 1873 262 1940 adeo
279 1885 314 1938 ut
328 1897 394 1951 non
408 1872 513 1940 solum
530 1873 593 1948 iis,
611 1895 682 1962 quae
698 1871 757 1960 ipsi
774 1871 990 1947 dicebantur,
1016 1871 1163 1937 turbatus

136 2009 149 2041 t
181 2001 246 2048 non
262 1979 473 2075 concederet,
488 1979 546 2046 sed
561 1984 673 2046 contra
685 1976 861 2068 proconsul
874 1989 1036 2066 stuperet,
1049 1999 1161 2042 suum-

134 2113 147 2147 »
179 2107 242 2173 que
256 2085 399 2152 mitteret
414 2109 616 2176 preconem,
629 2098 682 2168 ter
695 2085 727 2150 in
743 2083 850 2151 medio
866 2083 969 2150 stadio
984 2081 1165 2173 proclama-

70 2253 72 2256 .
133 2222 147 2255 a
179 2207 289 2260 turum
308 2217 316 2260 ι
334 2193 530 2284 Polycarpus
553 2193 716 2260 confessus
731 2203 779 2259 est
795 2191 1014 2260 Christianum
1031 2215 1065 2260 se
1080 2215 1160 2260 esse.

101 2386 102 2390 Ἰ
136 2327 166 2378 ν,
182 2299 282 2378 Quod
291 2299 595 2388 ubipronuntifisset
608 2323 726 2388 praeco,
738 2299 884 2366 universa
893 2297 1066 2366 multitudo
1076 2297 1166 2364 Gen-

140 2427 153 2462 ι
185 2398 290 2467 tilium
303 2423 343 2466 ac
355 2399 564 2476 iudeorum,
581 2401 636 2490 qui
650 2401 823 2489 Smyrnam
838 2399 1043 2475 incolebant,
1061 2398 1166 2464 ell'rae-

80 2532 92 2558 κ
140 2536 153 2584 a
185 2511 260 2572 natat
288 2507 335 2574 ira
355 2515 389 2572 et
405 2515 519 2596 magna
548 2529 625 2576 voco
645 2507 918 2576 conclamabant:
937 2507 1063 2575 Hicest
1084 2503 1166 2572 Asia

136 2635 154 2674 ιΙ
181 2611 352 2705 magister,
378 2623 469 2700 pater
497 2610 785 2691 Christianorum,
814 2625 998 2680 nostrorum
1029 2609 1166 2686 deorum

136 2748 148 2781 a
181 2741 333 2797 eversor,
355 2719 410 2809 qui
425 2718 544 2786 multos
572 2721 667 2788 docet
687 2745 729 2788 ne
744 2718 945 2798 sacrificent,
970 2741 1068 2786 ne-ae
1089 2715 1165 2784 deos

136 2853 148 2886 s
181 2823 325 2893 adorent.
361 2825 426 2892 lata
459 2825 641 2913 inquientes
669 2823 919 2903 acclamabant,
946 2824 1166 2914 rogabantque

50 2955 52 2960 ’
89 2971 93 2976 ,
137 2960 152 3028 r
180 2930 588 3022 Asiarchameilippum,
607 2931 942 3002 utleonemadverstra
950 2931 1166 3022 Polycarpum

136 3067 149 3100 a
180 3038 336 3108 mitteret.
358 3037 400 3108 At
415 3039 582 3130 Philippus
608 3041 734 3132 negarit
754 3041 788 3106 id
809 3041 870 3106 sibi
880 3039 1003 3118 licere,
1019 3039 1093 3128 quia
1112 3061 1166 3104 ae-

135 3170 149 3204 »
181 3145 327 3214 nationes
339 3167 395 3212 seu
404 3143 590 3234 gladiatoria
604 3145 786 3234 spectacula
797 3147 864 3235 jam
875 3145 1165 3235 expleverat'l'uno

136 3277 149 3308 r
179 3248 302 3338 placuit
317 3249 378 3329 illis
393 3274 458 3318 uno
474 3273 634 3318 consensu
650 3249 845 3331 inclamare,
864 3251 1103 3342 utPolycarpus
1116 3249 1166 3314 vi-

139 3386 151 3420 »
184 3381 242 3424 aus
259 3358 517 3428 combureretur.

181 3497 193 3527 a
227 3467 365 3546 Quando
381 3480 489 3534 autem
503 3491 599 3558 rogus
615 3463 787 3558 apparatus
805 3471 873 3545 est,
888 3467 1084 3558 Polycarpos
1100 3467 1160 3532 sibi
1283 3481 1286 3492 '

137 3602 150 3634 t
182 3573 335 3642 detractis
352 3573 502 3644 omnibns
517 3577 731 3652 vestimentis,
754 3589 786 3642 ot
802 3571 930 3666 cingulo
954 3575 1081 3649 soluto,
1108 3595 1165 3639 co·-

137 3707 150 3738 ι
181 3680 318 3770 nabetur
332 3682 428 3748 etiam
447 3706 480 3748 se
494 3683 699 3759 excalcesre,
721 3683 808 3771 quod
823 3684 911 3774 pribs
923 3705 988 3748 non
1001 3679 1139 3747 iaciebat
1156 3719 1164 3752 ,

137 3815 150 3846 r
181 3787 335 3874 quoniam
353 3811 479 3879 semper
498 3789 615 3880 singuli
630 3788 775 3857 fidelium
792 3790 1054 3862 contendebant,
1078 3786 1167 3874 quis·-

137 3921 149 3952 r
181 3917 256 3961 nam
286 3893 420 3964 celeritas
443 3921 558 3988 corpus
584 3899 655 3987 ejus
674 3911 828 3988 tangeret.
851 3899 933 3966 Cbm
965 3903 1040 3964 verb
1069 3895 1165 3960 etiam
