2990 4570
778 293 789 378 l
818 315 876 380 ¹9⁰
900 293 913 379 l

334 438 388 504 lib.
407 463 434 503 1.
453 454 523 526 cap.
549 439 596 502 15.
620 449 668 501 n.⁰
704 438 759 528 ab)
776 433 911 501 Prolatis
926 447 1034 501 autem
1047 427 1193 536 pluribus
1202 426 1356 520 Gregorii

334 545 544 620 testimoniis,
571 545 612 608 ita
634 543 669 608 Β.
696 543 811 608 doctor
833 545 1062 632 prosequitur:
1089 541 1157 608 «An
1181 539 1240 604 tibi
1261 557 1357 625 parra

259 681 264 692 ·
333 679 346 713 s
378 652 411 714 in
429 672 493 715 uno
510 648 664 737 Gregorio
680 649 903 737 episcoporum
919 637 1121 714 orientalium
1138 642 1265 728 ridetur
1280 663 1359 706 auc-

252 815 255 826 :
331 785 344 819 a
376 755 515 824 toritas?
533 756 588 819 Est
610 754 739 841 quidem
762 767 850 819 tanta
872 779 1028 843 persona,
1056 766 1091 818 ut
1107 737 1210 839 neque
1226 747 1279 814 ille
1295 747 1357 814 hoc

336 891 347 923 s
379 862 440 928 nisi
462 883 501 924 ex
516 859 580 924 fide
596 859 766 926 christianfi
783 861 932 925 omnibus
947 859 1110 925 notissima
1127 857 1271 927 diceret:
1298 877 1358 919 nec
1412 863 1416 880 ’

332 996 344 1028 s
381 965 425 1031 illi
446 987 519 1030 eum
540 971 606 1028 tam
622 963 745 1030 clarum
762 965 1023 1054 habereutatque
1042 961 1282 1036 venerandum,
1300 959 1358 1024 nisi
1466 971 1467 982 ¹

333 1103 346 1134 »
381 1074 448 1140 haec
471 1073 511 1136 ab
533 1069 588 1135 illo
613 1071 696 1136 diota
713 1095 751 1136 ex
773 1072 882 1161 regula
898 1073 1070 1138 notissimas
1084 1069 1225 1136 veritatis
1241 1090 1357 1156 agnos·
1466 1049 1467 1106 l

334 1205 345 1239 a
378 1189 523 1243 carent.»
551 1175 659 1263 (ibid.
682 1190 718 1240 rt⁰
739 1179 811 1265 16.)
1466 1239 1467 1268 3

380 1282 506 1362 Quibus
528 1303 707 1346 consonans
730 1279 864 1346 Rufinus
889 1303 897 1346 :
924 1279 1134 1370 «teganus,
1164 1278 1287 1366 inquit,
1313 1278 1358 1344 rir
1466 1279 1467 1326 t

334 1415 347 1448 s
363 1427 366 1438 ι
379 1407 437 1475 per
449 1386 555 1450 omnia
563 1383 844 1472 incomparabilis,
858 1386 1017 1474 quiverbo
1033 1397 1064 1450 ct
1072 1383 1224 1474 operibus
1232 1381 1356 1460 clarus,
1391 1434 1394 1440 .

333 1522 346 1556 a
377 1491 667 1583 splendidissimum
687 1491 795 1556 lumen
815 1493 954 1558 scientiae
972 1491 1090 1556 Christi
1107 1489 1250 1557 ecclesiis
1275 1511 1359 1578 prae-

334 1629 347 1662 »
377 1595 1361 1688 buit,dumaadoouitquaelccit,necseipsumcondemnarit
1416 1631 1418 1634 ·

226 1739 229 1748 =
334 1704 507 1795 »agendo
524 1704 684 1773 contraria
706 1711 802 1792 quam
819 1705 955 1770 docebat
957 1753 1023 1770 .....
1048 1705 1153 1792 Hujus
1174 1727 1281 1791 neque
1297 1705 1358 1770 n'ra

334 1843 347 1876 s
381 1813 500 1902 aliquid
522 1810 721 1902 probabilius
736 1824 768 1878 et
784 1798 943 1888 sanetius,
968 1835 1072 1902 neque
1087 1809 1271 1900 eloquentia
1293 1810 1361 1876 cla-

334 1952 346 1984 »
378 1923 445 1986 rius
465 1933 498 1986 et
523 1919 699 1996 illustrius,
723 1943 826 2008 neque
841 1919 905 1986 fide
919 1921 1030 2008 purius
1044 1933 1077 1984 et
1092 1919 1229 1994 rectius,
1255 1939 1361 2008 neque

334 2056 347 2090 s
374 2025 511 2092 scientia
522 2022 649 2112 plenius
661 2037 693 2088 et
704 2024 877 2112 perfectius
890 2025 1022 2090 inveniri
1035 2035 1157 2114 potest,
1180 2024 1295 2114 utpote
1306 2025 1361 2114 qui

337 2161 350 2194 »
382 2125 468 2196 solus
483 2127 543 2201 sit,
563 2125 603 2190 de
619 2127 714 2214 eujus
734 2126 855 2193 fidene
871 2125 1057 2193 dissidentes
1078 2125 1208 2215 quidem
1223 2129 1308 2194 inter
1322 2149 1357 2194 se
1390 2199 1395 2204 ,

336 2265 348 2298 »
379 2245 487 2324 partes
508 2245 541 2297 et
556 2231 660 2296 studia
678 2233 840 2322 disputare
855 2235 1039 2322 potuerint:
1067 2231 1122 2298 sed
1138 2231 1172 2296 id
1183 2233 1359 2300 obtinuerit

336 2373 349 2405 s
382 2325 469 2430 apud
480 2340 655 2406 Dominum
670 2353 702 2406 ct
718 2340 874 2408 Ecclesiae
890 2328 949 2409 Dei
965 2341 1088 2417 meriti,
1111 2353 1147 2406 ut
1164 2341 1361 2430 quicumque

340 2479 353 2512 a
378 2460 477 2514 'ausus
500 2447 597 2512 luerit
615 2447 769 2514 doctrinae
792 2448 863 2536 ejus
885 2445 1037 2535 inaliquo'
1051 2443 1204 2536 refragari
1216 2498 1225 2524 ,
1250 2445 1363 2513 exhoo

339 2583 351 2616 »
384 2553 469 2642 ipso,
489 2551 564 2640 quia
582 2553 683 2640 magis
706 2554 746 2618 sit
764 2553 953 2627 haereticus,
977 2561 1139 2640 arguatur.
1160 2551 1363 2618 Manifestum

338 2687 351 2720 s
383 2679 526 2744 namque
541 2653 695 2721 indicium
712 2669 840 2722 estnon
856 2679 924 2722 esso
945 2651 1040 2722 rdctae
1062 2655 1155 2732 fidei,
1178 2659 1282 2745 quiin
1299 2656 1363 2723 {ide

300 2763 303 2768 “
339 2793 351 2826 i
385 2762 542 2851 Gregorio
558 2783 622 2828 non
639 2764 850 2830 concordat.»
878 2765 985 2850 (Prot.
1006 2765 1044 2827 a'n
1059 2779 1143 2828 orat.
1163 2763 1284 2856 (ἶνις.)

391 2868 496 2948 Quem
507 2867 604 2946 etiam
621 2867 808 2942 Theodorus
821 2871 946 2936 Studita
958 2871 1103 2937 iambicis
1113 2874 1279 2938 exornavit
1291 2897 1364 2942 ear-

338 2973 495 3048 minibus,
521 2993 591 3058 quae
617 2971 660 3037 ita
679 2973 783 3042 latinis
799 2977 942 3066 versibus
964 2976 1182 3043 exhibentur:

439 3218 452 3251 ι
478 3190 557 3270 Quae
573 3203 608 3257 tu
629 3190 754 3278 potenti
778 3211 856 3256 voce
876 3189 985 3255 fudisti
1011 3205 1125 3258 tonans

430 3325 453 3356 s
476 3294 614 3362 Oraeula
635 3295 757 3370 omnis,
773 3287 869 3371 Diae,
889 3296 1028 3364 mundus
1049 3297 1171 3365 audiit:

430 3431 442 3461 »
474 3401 703 3490 Perimensque
721 3411 852 3482 cunctas
873 3401 1010 3468 hereses
1029 3403 1178 3470 radicitus
1271 3383 1274 3395 ⁸

431 3537 442 3570 s
476 3507 596 3574 Orbem
614 3509 797 3574 uuiversum
814 3531 918 3574 sermo
934 3491 1076 3575 firmarit
1090 3521 1173 3577 tuus.
1190 3541 1202 3575 a

921 3671 1050 3758 (lamb.
1074 3673 1145 3760 67.)
1172 3699 1175 3707 “
