2940 4570
799 291 933 376 too>

367 468 371 482 ·
389 488 392 496 ,
406 425 489 496 Nihil
504 425 642 494 uttrade
655 425 819 493 Lautumio
829 422 916 511 apud
927 421 1092 488 historiam
1106 437 1274 490 narratum
1293 449 1395 512 repe-

360 531 478 604 simun
494 531 650 618 exquisite
662 539 774 598 ,autem
788 537 982 615 supersunt,
999 547 1070 612 quae
1084 524 1174 592 iilum
1191 530 1285 616 quasi
1298 551 1394 617 prae-

362 633 483 702 dicent·
499 649 612 722 opera..
628 633 746 702 Praeter
761 633 847 700 enim
877 631 955 698 duos
976 627 1073 696 libros
1087 655 1225 719 quorum
1242 655 1334 698 unus
1353 633 1395 696 de

362 761 458 828 opere
466 741 548 816 Dei,
564 738 644 808 aiter
656 745 730 804 vero
741 739 783 804 de
792 739 846 804 irat
859 737 925 804 Dei
935 737 1028 802 docto
1037 738 1164 823 pariter
1178 754 1208 802 et
1217 739 1396 823 eloquenti

360 865 507 915 somnone
519 841 744 932 pulcherrimo
757 843 961 929 conscriptus
978 844 989 926 i
1004 839 1135 906 Hieron.
1154 842 1186 906 in
1201 855 1276 930 cap.
1297 847 1332 922 4.
1361 845 1395 908 ἰη

362 949 421 1034 Ep.
443 946 483 1010 ad
494 947 611 1035 Ephes.
628 957 682 1022 ,et
694 945 733 1010 de
744 943 861 1032 Script.
874 941 994 1010 Eccles.
1010 965 1078 1032 cap.
1093 946 1144 1009 80.
1169 948 1181 1031 )
1200 969 1393 1012 sermonem

368 1049 486 1125 habet,
510 1051 731 1116 institutiones
746 1049 883 1114 divinas
896 1048 1055 1128 confecit,
1073 1049 1207 1136 quibus,
1224 1050 1395 1138 dissipatis

365 1177 563 1242 paganorum
591 1151 755 1221 fictionum
779 1153 942 1228 tenebris,
966 1176 1076 1220 verum
1092 1152 1251 1242 religionis
1274 1155 1392 1220 Chris-

362 1259 456 1324 tiunse
477 1255 584 1322 lumen
600 1257 722 1324 mundo
746 1255 910 1324 ostendere
934 1257 1057 1322 nititur.
1076 1255 1193 1325 Totum
1210 1281 1295 1346 opus
1313 1282 1389 1345 sep-

288 1425 301 1450 ,
335 1411 336 1414 ,
360 1376 426 1436 tem
445 1362 538 1452 ‚libris
553 1361 728 1436 dividitur,
758 1385 894 1450 quornm
908 1363 1029 1450 primus
1045 1363 1085 1428 de
1097 1363 1183 1450 fotsct
1199 1363 1387 1454 reiigione,

361 1469 520 1538 secundus
543 1469 582 1534 de
604 1469 727 1534 erroris
745 1468 1022 1557 origine,.tertius
1037 1469 1076 1534 de
1093 1469 1180 1556 fuisti
1193 1469 1388 1557 sapientie,

251 1661 253 1666 Α
368 1585 500 1662 quartus
512 1573 552 1638 de
565 1580 645 1638 oerct
659 1573 822 1660 supientia
836 1621 845 1648 ,
862 1573 989 1658 quintus
1005 1572 1046 1638 de
1052 1574 1210 1658 justitiet,
1227 1585 1339 1638 sextus
1351 1574 1390 1636 de

363 1701 442 1743 vero
454 1677 565 1753 cuitu,
582 1675 886 1764 septimus'jdonique
901 1675 941 1740 de
953 1677 1028 1742 oitrt
1044 1675 1137 1742 teuta
1153 1677 1289 1742 disserit.
1309 1677 1389 1755 Quae

365 1771 495 1873 quidem
520 1784 625 1850 omnia
641 1784 780 1872 epitome
803 1783 898 1848 etium
921 1783 987 1850 sive
1003 1783 1161 1848 breviario
1184 1783 1387 1855 coarctavit,

367 1914 431 1976 quo
447 1890 559 1955 eadem
581 1890 764 1954 summatim
784 1887 881 1954 veluti
896 1887 1034 1952 delibuta
1057 1887 1162 1976 legere
1178 1883 1283 1954 datur.
1312 1889 1390 1953 Bre-

369 1993 459 2058 viarii
473 1992 662 2068 dimidium,
690 1993 758 2078 ipso
770 1991 956 2078 Hieronymi
969 2003 1112 2079 tempore
1138 1991 1203 2078 jum
1220 1993 1387 2067 amissum,

365 2119 452 2162 nuuc
465 2093 671 2160 desideratur.
689 2095 824 2182 Scripsit
839 2095 936 2160 etiam
952 2107 1123 2162 tractatum
1140 2096 1180 2162 de
1194 2112 1301 2162 morte
1313 2121 1389 2184 per·

367 2217 573 2275 secutorum,
592 2223 676 2286 quo,
697 2200 790 2264 variis
811 2200 956 2264 aetatibus
979 2199 1177 2286 perlustratis
1198 2224 1388 2276 ,servorum

366 2306 425 2372 Dei
437 2315 657 2393 persecutores
673 2297 753 2369 tristi
769 2313 872 2371 morte
886 2315 1070 2392 peremptos
1083 2328 1209 2396 semper
1220 2318 1253 2372 et
1270 2306 1390 2394 ubique

365 2411 570 2477 demonstrat.
1099 2399 1100 2404 ἵ
1291 2415 1300 2430 “

412 2517 542 2584 Nullum
558 2518 642 2582 inter
666 2515 779 2582 iatinos
802 2515 949 2582 doctores
970 2515 1137 2583 Lactantio
1164 2518 1387 2586 facundiorem

367 2625 506 2690 extitisse
523 2647 618 2688 nemo
634 2635 683 2688 est
701 2628 777 2687 saue
795 2622 850 2708 qui
867 2622 999 2710 ignoret.
1020 2623 1066 2688 ita
1087 2623 1263 2690 maximum
1280 2625 1387 2690 Rome

366 2749 497 2817 paganus
513 2727 610 2794 decus
625 2725 764 2792 Tullium
780 2693 962 2814 i'requentei
974 2733 1157 2816 attenteque
1172 2730 1386 2817 persolverat,

367 2835 416 2898 ita·
429 2835 524 2900 etiam
541 2835 573 2900 in
586 2833 755 2901 scribendo
763 2857 873 2922 purus,
884 2834 1011 2924 elegans
1019 2837 1202 2924 nitidusque
1210 2837 1387 2914 effinxerat,

276 3003 277 3010 ,
367 2952 403 3003 ut
424 2935 617 3007 Ciceronem
634 2937 866 3004 Christianum
885 2939 924 3002 ab
944 2940 1079 3028 antiquis
1097 2941 1203 3007 vocari
1223 2946 1384 3009 meruerit.

377 3073 390 3104 u
412 3045 613 3121 Lactantius,
637 3045 741 3133 iuquit
761 3043 1053 3112 Picus-Mirandulae
1073 3070 1202 3124 eomes,
1226 3047 1388 3115 Ciceronis

369 3183 381 3214 s
415 3147 534 3236 stylum
550 3149 719 3237 effigiavit,
740 3147 810 3226 rel,¹
824 3161 858 3213 ut
874 3149 1063 3235 quibusdam
1079 3150 1196 3238 placet,
1210 3159 1388 3242 supergres-

367 3292 381 3323 η
412 3281 467 3324 sus
482 3269 552 3328 est;
570 3255 649 3320 mihi
665 3256 790 3321 videtur
805 3255 902 3322 rebus
917 3269 949 3322 et
964 3255 1133 3322 sententiis
1141 3257 1307 3335 crebrior,
1330 3285 1387 3326 nec

367 3393 379 3428 s
411 3353 554 3430 numeris
574 3361 797 3449 injucundior,
813 3383 874 3427 nec
898 3361 957 3426 sihi
971 3359 1187 3448 sequabilitnte
1201 3373 1235 3426 et
1246 3359 1386 3431 'candore

366 3465 379 3533 's
411 3469 577 3561 posterior.
590 3468 655 3534 Has
664 3467 921 3556 'qnippevirtutes
933 3469 1078 3534 maximis
1091 3467 1209 3534 viribus
1217 3481 1250 3533 et
1258 3469 1385 3536 emula-

365 3609 378 3642 »
411 3591 461 3644 tus
484 3588 515 3642 et
531 3569 694 3642 essecutus
713 3585 779 3649 est;
793 3573 1112 3662 hunonecaequuiem
1123 3575 1241 3663 posteri
1253 3599 1386 3643 momor-

365 3675 378 3746 ‘s'
410 3687 543 3758 derunt;
568 3671 1384 3774 nemoalumbemetiraatum‚'Asisnumetredun-

365 3819 378 3852 s
410 3793 537 3882 dantem
551 3811 646 3855 nemo
660 3799 909 3862 communest.»
921 3787 956 3873 (l.
972 3788 1379 3876 5.Ep.10.)Hincctaa-tut
