2936 4552
691 425 778 507 (Β)

213 545 315 626 vitio
326 563 409 624 uon
422 545 668 644 inficiantur,
685 541 856 652 ideoque
872 545 914 622 in
934 543 1253 628 doctissimorum

213 671 332 751 etiam
352 663 515 750 Parrum
539 671 697 778 seriptis
718 669 869 749 ineerta
892 669 1092 778 quaedam,
1116 673 1197 754 imo
1217 693 1256 755 et

156 893 160 900 ‚
212 797 409 877 nonnulla
418 797 585 876 omnino
594 795 872 905 falsareperiri.
880 797 1180 880 Siovenerando
1188 803 1256 880 Pa-

210 943 321 1012 trum
333 925 497 1004 nomine
516 953 600 1003 non
613 923 813 1004 immerito
824 924 1097 1032 appellantur,
1114 926 1150 1005 S.
1166 927 1188 1006 J
1190 955 1255 1007 us·-
1295 971 1299 980 ·

213 1050 323 1154 tinus
332 1049 592 1159 quipriorum
603 1047 885 1128 defunctorum
896 1049 1255 1165 felicitatemusquis

213 1176 265 1258 ad
280 1177 413 1256 ultimi
423 1175 565 1284 judieii
586 1173 691 1254 diem
709 1167 971 1254 differendam
986 1201 1067 1255 esse
1082 1178 1253 1276 censuit,

156 1407 158 1411 v
211 1303 247 1382 S.
268 1303 440 1381 irenaeus
454 1301 862 1410 qui‘Millenariorum
883 1301 1011 1380 errori
1029 1304 1255 1408 patrocina-

210 1445 275 1510 tus
290 1445 359 1527 est,
379 1427 415 1507 S.
427 1427 652 1534 Cyprianus
663 1427 734 1534 qui
750 1423 921 1506 eredidit
935 1427 1160 1506 iterandum
1174 1454 1255 1508 esse

134 1577 144 1584 “
195 1574 196 1577 ‘
211 1555 455 1663 baptismum
466 1553 516 1632 ab
530 1551 727 1632 haereticis
742 1553 931 1632 collatum
943 1583 952 1652 ;
963 1555 1018 1632 sie
1033 1555 1077 1632 in
1092 1555 1255 1666 Patrurli

210 1681 367 1787 agmine
392 1679 664 1758 honorificum
683 1679 805 1759 etiam
833 1706 943 1758 nune
966 1697 1104 1760 teuent
1121 1681 1254 1760 loeum

211 1797 408 1911 Origenes
421 1821 462 1906 et
476 1800 770 1904 Tertullianus,
791 1831 964 1913 quorum
979 1805 1097 1912 prior
1105 1808 1149 1884 in
1168 1808 1256 1914 qui-

210 1930 395 2030 busdam,
415 1945 462 2010 ut
475 1930 649 2029 videtur,
659 1933 871 2037 posterior,
889 1947 936 2008 ut
954 1949 1106 2035 certum
1125 1949 1199 2029 est,
1212 1933 1254 2008 in

210 2059 292 2136 tam
304 2056 438 2136 multis
448 2056 698 2153 erraverunt3
713 2055 768 2132 sio
783 2069 822 2132 et
837 2055 921 2161 ipse
933 2052 1146 2134 doctorum
1158 2081 1256 2166 quo-

211 2179 303 2260 dam
313 2178 435 2258 modo
446 2179 598 2258 Ductor
612 2179 865 2289 Augustinus
881 2179 1040 2286 seriptis
1050 2179 1254 2272 Retraeta-
1281 2219 1284 2226 ¹
1391 2164 1393 2171 '
1462 2169 1463 2184 '

92 2365 94 2378 ι
210 2307 369 2386 tionum
384 2304 518 2402 libris,
532 2330 613 2384 sese
624 2305 667 2382 in
677 2303 863 2417 pluribus
873 2303 1084 2384 emendare
1095 2323 1255 2387 coaetus

211 2447 279 2512 est.
290 2429 409 2510 Unde
422 2431 477 2509 sio
488 2430 726 2510 Vincentius
737 2427 1253 2540 Lirinensis:rQuidquid,
1286 2519 1290 2526 ,
1396 2507 1402 2518 ,
1462 2443 1463 2480 l

209 2589 229 2632 a
258 2555 437 2664 quamvis
452 2554 520 2633 ille
539 2571 697 2633 sanetus
716 2571 755 2632 et
771 2551 930 2652 doetus,
950 2555 1132 2662 quamvis
1150 2557 1254 2664 epis-

163 2709 164 2713 *
210 2715 230 2756 a
259 2709 399 2787 oopus,
429 2679 609 2787 quamvis
640 2677 839 2758 confessor
856 2696 907 2784 et
931 2693 1083 2786 martyr
1110 2697 1255 2788 praeter

210 2839 230 2882 a
259 2831 412 2906 omnes,
434 2821 504 2884 aut
526 2806 646 2884 etiam
670 2806 810 2884 eontra
842 2831 979 2900 omues
1005 2809 1186 2906 senserit,
1212 2807 1254 2887 id

211 2967 231 3009 a
259 2933 364 3013 inter
384 2911 594 3040 proprias,
615 2938 654 3010 et
679 2932 871 3043 occultas,
901 2949 940 3012 et
964 2933 1139 3040 privatas
1165 2935 1254 3040 opi-

212 3093 231 3136 »
259 3059 513 3138 niunculas‘a
535 3057 776 3158 eommunis,
804 3055 978 3166 publicae
1005 3073 1044 3138 et
1063 3058 1254 3166 generalis

211 3219 231 3262 a
259 3185 463 3265 sententiae
489 3183 725 3264 auctoritate
748 3201 942 3264 secretum
968 3183 1030 3274 sit.
1059 3219 1078 3260 >›
1107 3183 1184 3266 Sed
1210 3203 1256 3266 ut

210 3309 384 3420 ejusdem
398 3309 530 3390 verbis
542 3325 653 3410 utar,
668 3341 687 3384 (t
699 3305 913 3424 Quidquid
923 3307 944 3387 ὲ
953 3309 1090 3399 contris
1101 3311 1162 3392 vel
1176 3339 1257 3390 om-

211 3471 230 3511 »
258 3465 350 3534 nes,
383 3435 445 3514 vel
471 3434 606 3542 plures
637 3461 719 3513 uno
744 3431 964 3542 eodemque
986 3463 1103 3516 sensu
1131 3438 1256 3538 mani-

211 3595 231 3637 »
259 3559 370 3660 feste,
390 3557 638 3668 frequenter,
667 3577 984 3666 perseveranter,
1004 3561 1128 3658 veluti
1155 3590 1256 3671 quo-

212 3719 232 3761 »
260 3685 352 3765 dam
373 3685 647 3766 consentiente
666 3683 744 3765 sibi
764 3687 1044 3792 magistrorum
1064 3689 1253 3788 consiliu,
1371 3703 1377 3709 ’

212 3845 232 3886 a
261 3811 506 3920 accipiendo,
519 3807 711 3918 tenend0,
722 3809 919 3893 tradendo
935 3811 1193 3914 firmaverint,
1209 3810 1251 3894 id

214 3974 233 4014 »
260 3953 337 4047 pro
365 3938 616 4043 indubitat0,
644 3954 779 4040 certo,
802 3958 970 4051 ratoque
990 3933 1210 4022 'habeatur
1233 3974 1253 4014 a
