2990 4570
787 105 792 136 t
861 125 871 134 ,

778 264 917 349 (2⁵2)
1004 246 1008 254 ’

599 351 605 379 l

335 396 521 484 cujuslama
537 399 603 486 jam
616 395 680 462 late
696 393 888 481 inclaruerat
899 447 908 472 ‚
919 396 947 484 ej
954 419 988 462 us
1000 394 1071 464 loco
1083 397 1116 462 in
1133 397 1365 474 Constantino-

333 501 509 588 politannm
526 503 747 590 episcopatum
763 500 939 578 sufficitur,
959 514 991 566 et
1007 501 1367 592 hTheophilopatriar-

335 603 394 668 chat
412 603 646 678 Alexandrino,
664 601 796 690 jubente
813 601 1031 691 Imperatore,
1048 618 1265 692 consecratur.
1290 605 1363 684 Qua

333 707 408 774 sede
419 709 568 795 potitus,
593 732 658 772 nen
685 706 787 772 solitar
813 707 991 784 Anomaeis,
1018 707 1072 797 qui
1091 709 1243 799 luporum
1263 712 1369 778 instar

333 815 496 901 rapacium
513 839 586 880 oves
603 813 785 902 disperdere
798 813 985 890 tentabant,
1003 815 1206 901 confutandis
1222 817 1368 904 compri-

332 919 521 1008 mendisque
544 944 662 984 curam
689 920 803 996 dedit,l
824 921 880 986 sed
896 926 927 984 a
957 923 1150 1000 sanctuario
1178 923 1365 1012 incipiens,

333 1025 514 1090 sacerdotes
527 1025 567 1090 ad
580 1024 743 1090 meliorem
755 1026 882 1114 frugem
895 1037 927 1090 et
939 1026 1106 1116 exempla,
1121 1027 1368 1104 etauctoritate,

300 1117 305 1134 ⁵
333 1129 470 1218 expulsis
486 1133 663 1220 praesertim
680 1155 719 1196 ex
740 1155 853 1196 eorum
877 1131 975 1196 domo
998 1132 1194 1222 virginibus,
1212 1155 1368 1200 revocare

333 1260 496 1328 aggressus
519 1252 576 1304 ost.
606 1239 672 1306 Neo
694 1241 1021 1316 interea-sermonum
1043 1241 1132 1328 quasi
1154 1241 1410 1333 necessariam¹
1463 1238 1465 1242 ’

298 1348 301 1352 ’
332 1346 599 1412 consuetudinem
613 1347 838 1434 intermittere,
848 1347 1017 1434 intorques
1030 1347 1192 1436 praecipue
1204 1347 1346 1424 eminent
1359 1397 1370 1422 ,

332 1457 401 1518 thm
426 1455 490 1518 sive
514 1437 547 1518 in
571 1453 720 1544 epistolas
741 1453 781 1518 ad
804 1454 984 1543 Ephesios,
1008 1455 1049 1520 ad
1073 1453 1302 1528 Colossenses,
1327 1453 1371 1518 ad

332 1559 505 1637 llebraeos,
527 1562 591 1626 sive
607 1560 640 1624 in
656 1557 736 1626 Acta
749 1558 976 1648 Apostolorum
993 1563 1185 1636 conciones,
1198 1564 1268 1624 tiun
1285 1559 1373 1624 duo-

333 1661 440 1748 decim¹
457 1663 819 1754 Constantinopolitanae
830 1665 967 1732 inventae
982 1689 1087 1754 nuper
1102 1663 1267 1730 humilier.
1349 1741 1352 1746 ,

378 1772 584 1856 Chmlantem
597 1773 630 1850 in
646 1771 834 1861 superbiam
852 1771 1028 1862 luxumque
1045 1784 1271 1861 magnatorum
1289 1767 1374 1836 libe-

295 1957 298 1964 ἵ
333 1879 398 1944 riba
408 1877 634 1954 inveheretur,
648 1879 680 1943 in
693 1879 871 1966 potentium
881 1879 1100 1970 quorumdam
1114 1879 1224 1944 odium
1236 1877 1370 1954 incidit,

332 1983 478 2072 Eutropii
503 1983 641 2048 maxima
662 1983 850 2072 Imperatori
871 1982 1054 2059 familiaris,
1082 1983 1191 2048 Gai'nae
1218 1983 1371 2070 tyranni,

333 2091 386 2156 cui
403 2089 574 2178 ecclesiam
597 2088 722 2154 Arianis
738 2089 941 2155 tribuendam
958 2089 1146 2178 denegavit,
1170 2087 1373 2176 aliorumque

334 2196 494 2280 pannium,
512 2219 592 2284 quos
612 2194 725 2283 prochl
749 2195 787 2258 ab
813 2197 895 2261 urhe
918 2195 1109 2284 relegandos
1133 2195 1276 2284 curavit,
1302 2193 1372 2260 Arii

283 2305 286 2312 ’
339 2300 595 2390 discipulorum,
616 2301 731 2390 quibus
747 2303 841 2368 etiam
864 2303 1085 2392 patrocinatus
1105 2313 1153 2368 est
1173 2299 1374 2390 Theophilus

332 2406 566 2494 Alexandrinus
580 2408 846 2497 ,JChrysostomo
881 2409 1003 2474 dudhm
1019 2393 1187 2484 infensus,
1213 2408 1276 2473 sivb
1299 2407 1375 2496 quia

337 2516 509 2605 ipse-hunc
525 2517 641 2582 invitus
658 2519 901 2584 consecraverat
917 2509 1126 2604 episcopani,
1144 2513 1208 2580 sive
1223 2515 1297 2602 quia
1314 2513 1369 2600 ille

333 2601 497 2711 expulsos¹
517 2623 692 2704 ert-Nitriae
726 2647 834 2688 eremo
863 2635 1002 2710 quatuor
1035 2622 1185 2688 eremitas
1218 2625 1373 2706 tanquam

333 2729 468 2798 nimihm
486 2727 617 2818 Origeni
634 2727 775 2794 faventes
790 2730 822 2792 in
838 2727 1121 2802 communionem,
1139 2727 1297 2816 abnegato
1313 2747 1372 2813 pe-

333 2835 419 2904 nitirs
432 2857 558 2916 errore,
576 2845 751 2922 receperat.
773 2833 839 2900 Nec
855 2833 898 2898 di*
927 2830 1216 2922 delaitdejiciendi
1234 2829 1372 2896 ‘loannis

335 2940 478 3006 occasio:
499 2945 575 3006 chm
589 2941 682 3022 ¹enim
706 2963 764 3029 pro
788 2963 878 3006 more
891 2859 958 3004 Jsbo
979 2939 1177 3026 concionans
1198 2936 1371 3002 mulierum

309 3113 310 3116 ,
334 3046 449 3112 luxum
463 3045 646 3134 fastumque
671 3047 900 3122 insectaretur,
919 3045 1097 3120 orationem
1122 3045 1165 3109 ita
1181 3041 1293 3130 vulgus
1316 3065 1372 3106 ex-

275 3203 278 3209 .
334 3155 439 3244 cepit,
454 3155 525 3234 acsi
535 3153 714 3220 Eudoxiam
729 3155 904 3243 Angustam
917 3155 1115 3242 pestringere
1130 3152 1292 3220 voluisset.
1305 3149 1373 3216 Nec

273 3341 277 3346 Ι
334 3281 426 3342 mora
445 3283 452 3322 :
473 3281 523 3324 res
540 3258 580 3322 ad
598 3259 774 3347 Augustam
792 3259 950 3333 desertum
970 3258 1143 3324 muliebres
1157 3255 1375 3325 incenduntur
1390 3347 1395 3351 1

335 3361 416 3433 irae;
445 3360 622 3450 Imperator
657 3363 798 3449 repetitis
831 3362 994 3450 questibus
1025 3361 1203 3450 fatigatum
1240 3369 1373 3446 urgetur

335 3465 544 3556 Theophilus,
557 3480 591 3558 ut
601 3470 665 3535 cito
677 3471 806 3536 veniens
816 3481 1014 3560 congregato
1023 3468 1160 3535 concilio
1174 3467 1389 3566 inlllhrysosss
1480 3511 1481 3566 3

334 3581 460 3638 tomum
476 3575 592 3646 saeviat.
613 3575 747 3664 Frustra
765 3575 1015 3664 Chrysostomus
1031 3587 1200 3642 extrancos
1217 3571 1376 3663 infensos-
1414 3595 1417 3600 ·
1480 3571 1481 3666 J

336 3701 399 3764 que
414 3682 574 3746 recusavit
589 3680 731 3769 judices,
747 3692 779 3746 et
796 3681 930 3750 Nicaenae
948 3679 1122 3770 disciplinae
1140 3678 1376 3746 observantiam

335 3781 538 3876 efflagitavit:
567 3783 731 3882 inauditus
751 3785 783 3850 in
804 3783 1020 3854 conciliabulo
1038 3784 1085 3850 ad
1101 3785 1270 3865 Quercens
1291 3781 1376 3848 dicto
