2956 4586
94 525 110 558 ι
138 493 312 572 Ecclesiae,
337 517 408 561 erm
428 515 527 582 quam
541 491 639 558 hahet
663 495 704 558 ab
721 491 880 582 Apostolis
897 491 1124 567 traditionem,
1149 505 1156 514 ·

95 629 109 665 ι
139 614 172 667 et
188 602 410 667 annuntiatam
427 597 612 669 hominibus
627 599 729 666 iidem
737 620 796 689 per
807 599 1025 666 successiones
1040 599 1125 687 epis-

95 735 108 767 ιι
141 729 296 795 coporum
323 726 455 772 suorum
484 703 725 792 pervenientem
755 710 855 792 usqne
880 703 922 768 ad
956 725 1015 768 nos
1037 699 1124 767 indi-

97 839 111 872 ι
142 823 252 877 cantu
267 809 494 877 confundimus
510 831 643 886 omnes,
657 811 712 897 qui
722 829 853 898 quoquo
866 809 982 886 modo,
996 817 1124 897 praeter-

99 948 113 980 ι
143 925 238 1006 quam
264 930 415 1006 oportet,
439 915 605 1006 colligunt.
628 917 690 982 Aa
713 915 912 982 hancenias
940 909 1126 982 Ecclesiam

95 1055 107 1088 ι
134 1042 271 1115 proptor
286 1027 450 1114 potiorem
469 1025 760 1113 principalitatem
778 1043 904 1091 neceam
926 1042 971 1091 est
994 1039 1126 1090 omnem

95 1159 107 1192 ι
143 1133 320 1198 convenire
335 1132 529 1198 Ecclesiam.
546 1128 651 1216 aliib.
669 1130 700 1195 i.
719 1153 748 1196 c.
773 1129 822 1218 ὅ.)

138 1236 262 1304 Cetera
284 1235 321 1304 B.
350 1236 461 1302 irenaei
482 1237 601 1326 scripte
624 1233 674 1302 vel
690 1236 817 1324 penitus
840 1233 1046 1314 exciderunt,
1075 1234 1124 1301 rel

93 1366 158 1409 non
174 1345 234 1410 nisi
249 1356 398 1416 truncata
414 1349 519 1432 usque·
536 1341 578 1407 ad
602 1363 685 1418 nos,
708 1342 847 1408 Eusebio
870 1339 1124 1420 transcribente,

93 1461 326 1538 pervenerunt,
348 1439 464 1536 (llice.
484 1449 592 1516 malas.
624 1447 681 1512 ttt.
702 1448 823 1538 ircap.
847 1466 896 1514 ro.
928 1451 1013 1536 sl.)
1041 1449 1125 1512 inter

93 1577 165 1643 quae
178 1553 342 1646 praecipue
364 1553 506 1620 notanda
526 1574 534 1618 τ
557 1565 601 1619 r.“
615 1553 750 1642 epistola
768 1553 810 1619 ad
824 1553 1015 1631 Florinunt,
1031 1553 1123 1643 cujus

93 1661 308 1752 fragmentum
323 1663 357 1728 in
373 1662 407 1729 S.
425 1657 595 1752 Polycarpi
617 1661 682 1726 ritt
707 1659 894 1737 retulimns5
925 1673 973 1728 ‘a'
989 1661 1125 1752 epistola

94 1772 137 1841 ad
150 1771 296 1838 Blastum
313 1773 354 1838 de
369 1772 559 1845 schismata
580 1771 628 1835 5?
645 1771 770 1859 egregia
787 1791 884 1860 quam
899 1771 940 1836 ad
954 1767 1119 1839 Victorem

97 1877 222 1968 Papam·
234 1881 361 1968 scripsit
372 1877 529 1968 epistola,
557 1889 592 1945 ut
607 1901 683 1944 eum
699 1885 716 1944 t
733 1877 887 1956 consilio,
908 1879 995 1969 qnod
1011 1879 1124 1946 adver-

96 1991 151 2051 sus
170 1985 255 2052 Astae
276 1984 437 2053 Ecclesiae
461 1986 501 2051 ob
525 1983 795 2074 disceptationem
820 1981 860 2051 de
886 1983 1045 2076 paschatis
1072 1985 1124 2052 dio

94 2093 414 2159 commotamanimo
431 2101 648 2180 conceperat,
665 2101 841 2158 revocaret.
860 2089 965 2180 Hujus
981 2085 1123 2180 epistolae
1163 2163 1171 2172 ,

92 2197 240 2286 qaaerlam
256 2195 356 2264 relect
368 2198 551 2287 fragmenta
561 2195 739 2273 Eusebius,
756 2193 873 2285 quilius
888 2194 921 2263 in
933 2195 1044 2264 lrenaei
1061 2195 1125 2264 elo-

93 2307 184 2392 gium
198 2306 386 2396 subjungit:
414 2332 427 2366 r
443 2305 583 2372 lrenaens
599 2305 729 2394 quidem
745 2305 866 2372 nomini
886 2331 944 2372 suo
967 2311 1042 2372 vere
1056 2327 1124 2372 res-

96 2439 110 2472 ι
140 2411 286 2500 pendens
310 2412 476 2496 (Βιριιαιις
512 2411 631 2503 quippe
660 2417 789 2500 graece,
825 2411 923 2477 latine
952 2411 1124 2500 pacificum

97 2547 110 2579 ι
142 2532 253 2596 sonat,
276 2519 288 2606 )
312 2541 374 2585 nec
390 2516 458 2583 solo
470 2520 622 2596 nomine,
644 2517 815 2585 sedetiam
835 2519 906 2586 vitae
926 2519 1071 2588 instituto
1087 2544 1124 2586 ac

95 2653 108 2685 ι
139 2627 306 2713 proposito
320 2623 457 2714 pacifico
471 2645 530 2714 pro
546 2622 765 2692 Ecclesiarnm
776 2649 856 2714 pace
873 2627 941 2692 haec
953 2627 1078 2692 monuit
1094 2639 1126 2692 et
1174 2651 1178 2664 ¹

93 2757 106 2791 ι
138 2727 297 2820 allegavit.
317 2757 334 2790 ι
357 2729 501 2817 (Euat.
522 2729 625 2818 itta.)

138 2837 187 2904 Dc
203 2859 267 2926 qno
286 2837 385 2904 etiam
405 2837 449 2902 ita
470 2836 504 2902 S.
531 2837 729 2926 Epiphanius
751 2837 918 2926 loquitur:
947 2836 1133 2930 «Optimus

95 2971 110 3006 ι
139 2941 195 3009 ille
210 2965 306 3009 senex
318 2943 455 3009 lrenaeus
459 2991 526 3008 .....
548 2943 595 3007 vir
612 2945 744 3009 omnini>
758 2943 895 3034 Spiritus
912 2938 1022 3010 Sancti
1033 2943 1125 3011 donis

96 3079 113 3110 ι
141 3047 405 3116 instructissimus
420 3051 576 3136 tanquam
590 3048 683 3114 fortis
699 3049 820 3114 athleta
834 3047 1009 3138 productus
1021 3047 1044 3139 [a
1059 3049 1126 3117 Do-

96 3185 109 3217 ι
142 3154 251 3232 mino,
279 3165 313 3220 et
332 3153 515 3221 coelestilus·
538 3153 758 3231 ornamentis,
781 3167 815 3219 ut
836 3155 882 3220 'itt
900 3154 1059 3233 dixerim,
1085 3158 1126 3222 ad
1218 3143 1222 3162 ¹

97 3291 110 3323 ι
142 3275 307 3328 certamen
337 3274 546 3351 perunctus,
571 3257 626 3352 qui
657 3263 791 3331 sincerae
812 3261 890 3328 lidei
918 3283 955 3330 ac
986 3261 1127 3330 scientiae

97 3398 109 3430 ι
142 3355 320 3457 praesidffs,
337 3369 444 3435 omnia
468 3365 599 3434 illorum
614 3371 788 3459 prostravit
810 3381 842 3435 ct
863 3369 977 3435 evertit
991 3369 1126 3435 menda-

96 3497 110 3536 t
141 3472 201 3542 cla.
220 3472 395 3564 alliserat.
415 3475 469 3542 51.
488 3475 626 3564 a.⁰55.)

138 3579 295 3669 'Ejuslem
314 3603 411 3670 opera
436 3581 470 3648 S.
498 3581 607 3648 laudat
626 3583 862 3672 Hieronymus,
887 3583 920 3646 in
936 3579 1069 3670 epistolis
1086 3579 1127 3646 ad
1248 3633 1251 3639 .

97 3685 249 3774 Magnum
262 3701 423 3753 oratorem
440 3687 641 3766 Romanum,
659 3711 798 3777 quorum
814 3711 875 3777 ope
887 3687 997 3754 Patres
1013 3687 1127 3754 adver-

96 3797 151 3856 sus
172 3791 332 3880 quoslibet
357 3786 523 3860 haereticos
551 3794 782 3870 decertirunt3
812 3795 878 3860 imo
902 3807 934 3859 ct
958 3792 1032 3859 alibi
1055 3794 1067 3880 (
1090 3795 1129 3856 in

97 3895 202 3962 lenire
213 3899 315 3983 aot..)
327 3914 473 3965 eumnon
484 3900 581 3966 modo
594 3901 798 3999 Episcopum
806 3913 838 3966 et
849 3901 1054 3989 Martyron,
1073 3899 1129 3966 sed
