2990 4570
566 337 699 424 (ποι)

114 498 126 531 ι
155 470 258 537 Perrh
269 472 396 560 pietatis
408 468 546 561 regulas,
558 471 1131 560 qusshmagnosntistiteocceperrt,

112 604 125 636 s
156 583 420 668 reversuspostelt
430 571 1135 666 Constantinopolim,illleqooquhservavit

111 711 124 744 ι
157 683 240 750 Nam
255 689 332 751 chm
356 687 454 764 festus
472 685 604 776 quidam
625 685 695 754 dies
716 688 822 777 ipsum
837 686 958 768 denuh,
969 686 1010 752 ad
1031 679 1139 766 aeple-

103 818 125 851 ·»
157 791 237 857 siam
254 791 460 869 adduxisset,
477 791 592 860 oblatis
608 791 648 858 ad
660 816 785 860 sacram
796 815 941 860 mensam
953 787 1140 860 muneribus

113 925 126 958 s
156 896 246 973 suis,
271 899 380 964 statim
396 899 542 981 abcessit.
563 898 710 986 Chmpuo
729 898 814 966 illius
839 898 982 966 eoeleoiae
998 894 1141 986 pontifex
1212 934 1230 956 a

101 1028 127 1060 ,ι
160 999 332 1070 Nectarius
348 1013 489 1090 rogaret,
505 1004 717 1090 quamohrem
733 1004 817 1069 intbs
832 1026 897 1068 non
911 1000 1115 1068 remansisset
1130 1049 1140 1074 ,

114 1133 126 1166 ι
155 1107 320 1196 suspirans
335 1108 519 1196 respondit:
539 1107 600 1174 Vix
615 1109 745 1180 tandem
761 1108 895 1176 edoctus
907 1131 979 1184 sum
1000 1106 1078 1196 quid
1090 1129 1142 1172 es-

112 1239 125 1272 »
158 1223 206 1276 set
229 1211 423 1280 discriminis
437 1214 530 1300 ¹inter
546 1215 746 1298 sacerdotem
768 1238 807 1282 ac
826 1213 1028 1304 principemt
1055 1211 1141 1280 reri-

114 1345 127 1378 »
158 1318 234 1382 tatis
249 1318 441 1408 magistrum
459 1319 512 1409 yix
530 1321 660 1390 tandem
683 1321 810 1394 iureni;
838 1343 940 1389 unum
960 1317 1047 1386 enim
1063 1316 1143 1384 Am-

113 1450 125 1483 »
156 1422 303 1488 brosium
326 1424 421 1498 novi,
450 1427 505 1514 qui
528 1427 695 1516 episcopus
717 1426 976 1510 dirimerentur.
1004 1422 1142 1488 Tantam

14 1583 18 1590 .
113 1556 125 1588 s
158 1525 330 1594 utilitatem
355 1527 455 1596 habet
476 1529 681 1620 reprehensio
703 1554 774 1620 quae
795 1531 865 1596 fita
884 1531 953 1596 viro
972 1524 1142 1594 excellenti
1169 1565 1177 1576 ι
1212 1591 1216 1599 s

73 1633 76 1640 ’
113 1659 126 1694 r
158 1633 279 1698 virtute
294 1632 430 1724 praedito
449 1634 457 1698 l
478 1634 513 1720 a(
533 1633 800 1700 Theramene.
820 1636 851 1700 t.
868 1658 896 1700 e.
917 1634 983 1728 18.)

167 1735 261 1802 Anno
280 1737 343 1826 590
359 1787 369 1812 ‚
388 1743 465 1819 clim
488 1735 721 1807 Thessalonice
735 1735 872 1826 populus
888 1738 971 1806 intra
986 1737 1145 1802 circenses

113 1841 207 1910 ludos
221 1843 439 1928 rebellasset,
463 1843 646 1934 compulsus
667 1843 775 1916 furore
800 1843 999 1910 Theodosius
1015 1841 1145 1932 plebem

113 1949 233 2036 passim
250 1948 291 2014 ad
304 1963 431 2039 septem
446 1949 546 2022 millia
561 1947 665 2040 gladio
683 1949 762 2020 cadi
776 1949 943 2038 praeeepitt
959 1969 1023 2036 (11¹0
1035 1944 1145 2012 audito

114 2053 314 2150 ingemuere·
330 2052 699 2149 Mediolanicongregati
714 2054 879 2145 episeopi3
907 2051 1063 2142 ingemuit
1077 2049 1145 2138 pri-

115 2182 187 2224 mus
200 2159 347 2224 omnium
363 2157 561 2228 Ambrosius.
580 2157 797 2232 Theodosium
812 2173 921 2228 tamen
935 2157 1023 2224 adire
1037 2155 1145 2230 statim

116 2263 233 2342 noluit,
242 2265 428 2356 sibimetipsi
441 2265 559 2336 doloris
570 2279 710 2356 tempus,
723 2269 859 2356 principi
871 2279 978 2332 autern
990 2265 1146 2354 poeniten-

114 2371 167 2436 tire
181 2369 297 2465 locum¹
314 2395 489 2440 reservans.
508 2371 674 2455 Redeunte
694 2375 791 2462 igitur
806 2369 1023 2442 Mediolanum
1039 2369 1147 2438 Theo-

118 2476 230 2552 dosio,
250 2478 370 2568 secedit
389 2479 429 2544 ab
447 2465 529 2544 urbe
548 2477 669 2568 aliquot
689 2477 802 2550 diebus
822 2488 952 2566 sanctus
972 2469 1144 2564 pontile'x,

117 2581 310 2670 scriptisque
322 2581 362 2676 ad
379 2606 452 2650 eum
465 2577 594 2676 proprisi
610 2607 709 2657 manu
721 2581 886 2674 epistolis:
913 2608 925 2642 ι
950 2578 984 2648 si
998 2577 1146 2672 sacerdos

116 2717 129 2752 s
159 2713 229 2754 non
245 2688 362 2754 dixerit
379 2692 524 2784 erranti,
546 2692 571 2774 is
592 2693 648 2782 qui
661 2691 815 2760 arraserit
834 2691 868 2756 in
891 2690 947 2756 suri
964 2685 1059 2776 culpa
1074 2709 1146 2752 mo-

116 2827 130 2860 »
160 2797 284 2873 rietur,
301 2808 333 2864 et
348 2797 496 2864 sacerdos
513 2821 586 2866 reus
598 2799 659 2866 erit
673 2821 797 2890 poena,
813 2795 964 2886 quianon
977 2792 1145 2864 admonuit

116 2931 129 2964 t
161 2901 356 2987 errantem(
369 2901 486 2966 Eeerh.
507 2903 538 2968 5.
562 2903 628 2990 19.)
647 2900 766 2992 Accipe
776 2900 874 2978 illud,
893 2900 1071 2990 imperator
1084 2895 1147 2964 tu-

116 3035 129 3067 »
160 3018 254 3094 gusto
273 3028 282 3070 r
300 3003 387 3094 quod
414 3003 532 3070 habeas
554 3005 629 3073 fidei
646 3005 816 3094 studium,
844 3027 910 3078 non
935 3026 1066 3093 possum
1087 3025 1146 3099 nej

118 3137 130 3170 s
162 3132 258 3198 gam,-
277 3108 365 3195 quod
379 3108 438 3174 Dei
451 3110 599 3189 timorem
614 3158 623 3186 ,
646 3132 711 3176 non
724 3109 861 3175 diffiteor
879 3134 887 3174 r
905 3107 962 3176 sed
975 3107 1074 3174 habes
1087 3129 1146 3172 naa

118 3244 131 3278 s
164 3228 245 3281 turae
257 3215 414 3304 impetum
429 3266 438 3293 ,
451 3239 548 3304 quem
565 3217 590 3282 si
603 3217 673 3304 quis
684 3215 784 3284 lenire
799 3215 895 3292 velit,
913 3215 976 3283 cito
989 3225 1091 3280 vertes
1103 3213 1145 3279 ad

116 3352 129 3384 s
160 3321 434 3394 misericordiamr
457 3322 567 3412 siquis
583 3321 725 3390 stimulet
743 3373 753 3400 ,
777 3323 811 3388 in
826 3322 929 3412 majus
945 3319 1139 3396 exsuscitas,

115 3457 129 3490 ι
162 3441 199 3494 ut
214 3452 290 3522 eum
305 3451 456 3497 revocare
471 3430 527 3516 vix*
545 3431 655 3518 possis5
674 3431 803 3496 Utinam
826 3429 852 3494 si
878 3449 973 3492 nemo
995 3428 1143 3516 mitigat,

114 3565 128 3600 r
159 3534 271 3604 nullus
286 3537 442 3604 accendat
460 3539 469 3602 l
487 3537 639 3606 Libenter
654 3561 730 3606 eum
745 3535 911 3631 committo
925 3535 1002 3609 tibh
1029 3536 1097 3624 ipse
1112 3547 1144 3600 te

113 3672 126 3705 s
159 3629 313 3720 revocas,
330 3653 364 3708 et
378 3643 503 3732 pietatis
516 3643 622 3710 studio
638 3622 736 3713 vineis
748 3643 904 3733 impetum
921 3654 1042 3706 naturae
1045 3685 1141 3708 .......
1161 3677 1163 3706 t

115 3779 128 3812 s
163 3747 216 3816 An
229 3746 330 3836 pudet
344 3759 389 3826 te,
403 3748 595 3838 Imperator,
611 3750 674 3818 hoc
690 3749 795 3818 facere
807 3747 959 3838 quodrex
970 3743 1145 3834 Propheta,

114 3888 129 3922 s
163 3866 279 3926 auctor
292 3852 411 3922 Christi
427 3856 603 3927 secundum
615 3879 745 3928 earnem
757 3853 923 3946 prosapiae,
936 3851 1013 3921 lecit
1024 3849 1143 3924 David?
