2940 4570
831 385 943 480 llll

368 537 417 614 4.·
432 531 510 620 quid
525 529 718 620 sperandum
735 526 775 594 de
787 537 905 596 eterna
921 530 1041 604 salute:
1059 525 1191 620 5.·quid
1206 529 1244 596 de
1259 523 1396 618 iugenio

369 639 592 730 cogitandum
612 639 660 704 a·
681 637 795 725 quibus
807 637 957 704 laudibus
974 639 1013 703 ab
1030 639 1169 726 antiquis
1181 637 1319 702 donatus
1340 637 1393 701 sit.
1454 665 1455 668 ¹

412 745 454 811 l.·
469 744 607 826 Quidem
632 740 775 810 docendi
790 743 979 810 methodum
997 745 1043 810 sic
1058 743 1203 834 exposuit
1220 742 1396 808 diuturnus

327 909 331 916 .
370 853 517 943 Origenis
542 851 670 918 auditor
695 853 728 918 S.
756 851 928 944 Gregorius
949 853 1221 942 Thaumaturgum
1248 853 1291 918 tn
1316 875 1396 940 quo-
1454 869 1455 926 t

368 955 1393 1049 modeipsecumrlthenodoroiratrelueritaddoetrinnmsirnul
1453 929 1455 1068 l

366 1080 398 1133 et
410 1068 560 1156 pietatem
576 1063 765 1130 informatus
777 1082 951 1130 enarrans:
975 1091 987 1124 r
1004 1062 1061 1130 llle
1073 1067 1224 1152 tauquam
1241 1064 1267 1127 si
1283 1062 1390 1126 bonus
1454 1071 1455 1090 ¹

332 1165 333 1168 '
365 1201 378 1234 ι
409 1170 566 1260 quispiam
579 1165 714 1258 agricola
726 1179 844 1261 terram
860 1191 992 1235 vacuam
1008 1181 1104 1256 atque
1122 1170 1280 1244 otiosam,
1297 1191 1388 1234 eam-

366 1307 378 1340 »
410 1301 472 1366 que
484 1299 545 1342 nec
556 1273 692 1342 l'ertilem
707 1279 856 1364 prorsus,
867 1275 922 1340 sed
934 1274 1162 1363 salsuginosam
1174 1287 1207 1339 et
1218 1274 1368 1340 adustam
1381 1323 1389 1347 ,

367 1411 379 1444 ι
411 1383 556 1470 saxisque
571 1393 603 1446 et
623 1385 719 1445 arensi
736 1379 889 1456 obsitam,
912 1393 966 1446 aut
986 1403 1050 1445 nou
1066 1379 1161 1467 plane
1183 1379 1316 1468 quidem
1332 1391 1390 1443 ste-

366 1520 379 1551 s
410 1487 523 1562 rilem,
541 1488 776 1561 necinortem,
793 1485 850 1550 sed
866 1492 979 1550 naturai
1002 1497 1194 1574 prestante,
1212 1489 1325 1550 veriam
1347 1487 1391 1550 in·

367 1623 387 1661 a,
412 1591 531 1658 cultam
544 1603 638 1678 atque
653 1587 850 1677 neglectam,
864 1591 961 1678 spinis
973 1591 1167 1666 haerentem,
1181 1589 1389 1656 silvestribus

367 1723 380 1762 r
411 1723 474 1786 que
491 1697 646 1773 dumetis,
659 1719 697 1762 ac
712 1697 843 1762 minime
858 1697 1058 1764 tractabilem
1073 1699 1273 1786 accipian...
1292 1698 1389 1778 Quasi

366 1831 379 1866 s
411 1805 528 1870 rustica
546 1802 683 1893 quadam
699 1814 766 1868 arte
790 1809 845 1866 sut
869 1800 1007 1867 lustrans
1025 1824 1063 1868 ac
1089 1803 1216 1890 penitus
1244 1801 1390 1891 introspi-

366 1942 379 1975 ›
409 1915 536 1982 ciens...
553 1912 708 1998 altiusque
719 1909 873 1975 effodiens
889 1922 921 1974 et
939 1911 1049 1975 intima
1070 1922 1275 1998 pertentans:
1296 1911 1390 1974 inter·

366 2051 379 2084 »
412 2029 539 2110 rogans,
559 2032 591 2084 et
606 2039 801 2107 preponens,
815 2016 1107 2105 respondentesque
1120 2016 1294 2082 audiens...
1308 2015 1387 2082 Tinn

368 2155 380 2188 ι
413 2125 577 2213 subigere,
596 2125 777 2199 invertere,
798 2123 950 2212 irrigare,
971 2124 1078 2188 omnia
1095 2145 1243 2198 movere,
1261 2145 1389 2188 omnem

368 2211 565 2294 {adhibere
583 2241 690 2316 artem.
712 2251 801 2292 suam
828 2251 866 2294 ac
893 2251 1025 2304 curam,
1043 2227 1217 2318 seduleque
1239 2251 1390 2295 exercere

367 2357 470 2404 »nos
492 2336 600 2424 caepit.
626 2333 739 2423 Spinas
763 2333 891 2422 quidem
915 2357 952 2399 ac
967 2332 1101 2399 tribulos
1123 2345 1155 2400 et
1177 2355 1277 2422 genus
1295 2357 1390 2400 omne

367 2429 389 2504 ι’
412 2442 583 2531 agrestium
592 2441 766 2506 herbarum
779 2453 873 2527 atque
886 2438 1033 2527 stirpium
1045 2489 1054 2514 ,
1065 2437 1393 2526 quotquotluxurians

368 2577 381 2611 r
413 2561 445 2614 et
466 2547 608 2636 sylvosos
633 2569 664 2622 s,
682 2549 793 2633 utpote
816 2544 1028 2632 incomposita
1044 2556 1083 2608 et.
1096 2567 1257 2633 preceps,
1286 2545 1393 2610 anima

370 2683 382 2714 ι
413 2653 519 2719 nostra
536 2651 610 2716 turb
687 2649 920 2739 profundebat,
948 2649 1075 2738 penitus
1103 2673 1251 2717 resecans
1272 2673 1313 2716 ac
1335 2651 1390 2716 de·

372 2787 385 2820 s
414 2757 558 2833 trahens,
575 2752 852 2844 reprehendendo,
871 2751 1153 2842 prohibendoque:
1168 2777 1255 2821 nunc
1274 2755 1394 2828 Socra-

371 2891 384 2922 »
415 2862 479 2929 tieo
494 2883 603 2937 more,
620 2859 762 2947 sciteque
777 2859 952 2926 admodum
975 2881 1033 2924 nos
1054 2861 1292 2949 perstringens:
1306 2883 1394 2925 nunc

372 2997 385 3028 »
415 2967 511 3034 etiam
535 2967 678 3032 oratione
703 2973 758 3030 sui
781 2977 1006 3052 prosternens,
1024 2965 1125 3031 sicubi
1145 2964 1325 3038 nosiraeno
1343 2989 1397 3030 re-

372 3088 385 3136 t
416 3073 593 3151 luctantes,
606 3077 758 3162 tanquam
785 3072 870 3138 leros
885 3073 1039 3162 quasdam
1057 3095 1155 3160 equos
1170 3085 1289 3150 ,cntra
1313 3075 1397 3139 viam

372 3211 385 3242 ι
416 3179 579 3246 exilientes
602 3202 639 3246 ac
660 3184 787 3244 'temere
802 3178 1090 3244 circumcursantes
1113 3177 1261 3268 videbam
1287 3181 1398 3268 quoad

372 3311 387 3347 s
417 3285 622 3376 persuasione
634 3283 772 3374 quddam
785 3295 880 3372 atque
893 3284 1099 3359 necessitate,
1114 3283 1327 3361 velntfraeno,
1342 3310 1400 3350 suo
1453 3331 1454 3370 ἦ

283 3442 284 3447 ,
374 3401 475 3457 ¹s‘nos
493 3415 640 3458 sermone
661 3392 784 3480 quietos
800 3441 810 3466 ,
827 3390 950 3478 sibique
972 3388 1184 3476 obsequentes
1208 3390 1391 3456 reddidit.»
1453 3377 1454 3439 l

378 3497 494 3585 (Orat.
518 3498 555 3559 ia
571 3497 733 3585 origen.)
753 3494 794 3558 Ut
812 3499 885 3560 verb
907 3517 962 3560 eos
985 3493 1028 3558 iu
1052 3495 1113 3560 rite
1129 3494 1168 3560 ad
1194 3494 1401 3582 excipiendos

284 3627 290 3633 ·
375 3599 694 3666 veritatissermones
717 3600 923 3686 preparavit,
939 3599 1079 3688 logicam
1098 3599 1263 3684 primum,
1286 3597 1404 3662 deiude

375 3701 582 3770 dialecticam
592 3753 601 3779 ,
612 3702 784 3791 physicam
800 3708 927 3790 quoque
938 3713 971 3766 et
982 3699 1251 3768 mathematicam
1268 3700 1409 3791 discipli-

376 3833 450 3876 nam
467 3809 537 3876 illos
551 3811 688 3876 edocere
704 3811 838 3876 curarit.
864 3809 961 3889 Quod
978 3813 1054 3874 verb
1075 3809 1216 3878 omnium
1234 3821 1283 3876 est
1301 3806 1406 3874 multo

352 3987 355 3994 .
377 3914 566 3990 maximum,
576 3913 699 3980 divinas
711 3913 824 3978 animes
835 3914 1060 3988 virtutes,non
1071 3911 1175 3978 verbis
1187 3918 1334 3988 tantirm,
1348 3910 1408 3978 sed
