2942 4568
532 367 632 453 <ut
659 371 702 456 t:

101 499 231 590 placet,
253 516 369 595 utnon
385 505 517 572 curiosae
533 505 697 596 indulgeat
718 505 879 583 scientiae,
898 505 960 572 sed‘
979 505 1140 572 doetrinae·
1211 501 1214 507 “

105 614 229 694 tantum
244 599 376 676 salutari
391 609 517 676 studeat
524 635 534 685 ;
558 611 604 678 sic
627 611 807 677 divinarum
828 610 994 700 profundit
1012 610 1133 678 lluenta

106 714 402 806 Scripturarummt
416 717 503 785 nulla
519 719 586 785 sere
602 732 751 786 occurrat
766 719 946 808 linea‚quae
956 742 1023 794 non
1035 719 1132 786 sacris
1148 751 1152 760 ⁴

104 819 229 894 illarum
246 823 350 900 verbis
365 836 580 902 consecretur.
598 823 799 908 Beruardum
813 821 898 914 legat
911 875 919 900 ,
930 825 984 912 qui
996 823 1133 914 propriis

103 924 204 989 ambit
231 923 353 990 mederi
376 923 477 999 vitiis;
504 923 588 1014 legat
610 938 644 989 et
666 926 721 1012 qui
743 925 879 992 aliorum
904 925 1139 1015 cupiditatibus·

103 1027 512 1098 medelam'ooncionando
543 1053 704 1120 apponere
726 1031 788 1096 sibi
810 1028 879 1098 Deo
905 1041 1040 1100 vocante
1057 1055 1133 1120 pro·
1182 1037 1185 1042 ’

104 1135 207 1224 ponit.
1104 1205 1107 1210 .

67 1305 71 1316 Ι
148 1240 277 1307 Possem
291 1241 441 1332 equidem
456 1241 595 1332 plurima
611 1249 680 1308 tum
696 1242 903 1332 Principum,
920 1248 990 1308 tirm
1003 1243 1134 1331 Episco·
1209 1241 1210 1244 '

106 1369 243 1434 porum,
264 1352 332 1412 tum
344 1341 544 1414 summorum
560 1346 772 1424 Pontificum,
790 1352 860 1414 tum
872 1349 969 1414 etiem
981 1346 1135 1436 profano-

29 1457 34 1478 *
87 1475 179 1516 rum
196 1451 236 1518 de
250 1451 284 1518 S.
306 1453 470 1520 Bernardo
486 1455 605 1521 referre
621 1453 778 1520 encomia.
798 1451 896 1520 Pauci
927 1476 986 1542 pro
1011 1451 1134 1518 catoris

104 1545 306 1624 adducantur
332 1569 439 1625 testes.
468 1559 564 1626 Hune
588 1559 639 1636 itt,
654 1555 798 1625 celebrat
822 1556 1003 1626 Alexander
1031 1557 1079 1624 111
1102 1557 1135 1624 iu

103 1661 216 1730 litteris
226 1664 485 1742 Canouizatiouis
494 1666 535 1731 ad
547 1665 725 1736 Ecclesiam
739 1664 956 1734 Gallicanam:
968 1691 980 1726 r
998 1665 1037 1732 B.
1054 1666 1134 1732 Ber-

107 1797 120 1830 »
146 1770 268 1838 nardus
281 1769 449 1860 singularis
466 1771 575 1860 gratiae
591 1761 800 1860 praero'gativfi
815 1771 931 1848 fultus,
949 1794 1014 1837 non
1029 1769 1135 1838 solum

105 1906 117 1940 t
148 1877 182 1944 in
204 1900 238 1942 se
260 1877 330 1966 ipso
354 1877 523 1944 sanctitate
542 1901 581 1944 ac
607 1877 761 1968 religione
784 1877 949 1966 prefulsit,
967 1876 1135 1949 sedetiam

36 1981 43 1988 “
105 2012 118 2046 n
148 1984 180 2049 in
197 1983 344 2050 univers&
360 1981 503 2052 Ecclesia
526 1983 584 2050 Dei
598 1985 673 2051 fidei
690 1997 723 2050 et
735 1983 1018 2052 doetrinaelumine
1033 1983 1136 2048 radia-

107 2119 120 2152 »
150 2091 381 2160 vitaFructum
395 2098 469 2166 roro
482 2093 622 2180 quem-in
640 2091 736 2158 domo
752 2092 881 2160 Domini
898 2105 931 2159 et
945 2091 1044 2158 verbo
1062 2115 1136 2180 ope·
1161 2151 1165 2156 .

106 2226 119 2258 t
148 2209 235 2264 ratus
262 2210 310 2264 est
339 2210 371 2264 et
398 2195 545 2286 exemplo
557 2233 569 2273 ,·
595 2191 701 2264 nullus
731 2195 800 2264 fere
830 2197 986 2279 terminus
1017 2208 1135 2263 sanctae

107 2334 120 2368 t
151 2304 431 2374 christinianitatis
445 2307 590 2394 ignorat,
604 2309 679 2373 cnm
694 2313 792 2394 usque
809 2305 851 2370 ad
866 2318 992 2371 exteras
1008 2308 1135 2392 quoque
1175 2381 1179 2390 .

106 2441 119 2475 t
144 2411 307 2506 'barbaras'
320 2412 466 2480 nationes
488 2423 606 2480 sanctae
629 2410 790 2500 religionis
811 2408 956 2476 instituta
985 2407 1137 2488 transmiff

106 2541 127 2581 s
151 2519 271 2601 serit.»
1155 2593 1158 2601 Ι

151 2623 289 2691 Sanctus
310 2637 418 2692 autem
436 2625 682 2691 Bonaventura:
702 2647 714 2684 a
734 2621 879 2698 Audisti,
900 2623 1021 2711 inquit,
1037 2619 1135 2687 verba
1158 2626 1161 2632 '

12 2717 17 2724 ⁸
110 2758 122 2791 t
151 2730 368 2819 pulcherrima
385 2731 527 2798 altissimi
550 2723 797 2820 contemplantis
811 2717 1005 2796 etorationis
1023 2719 1156 2796 dulcess'-

110 2863 123 2897 η
152 2834 259 2902 dinem
280 2835 495 2924 ¹degustantis
534 2833 700 2902 Bernardi.
729 2834 883 2918 Rumines
914 2857 951 2898 ea
976 2833 1001 2898 si
1027 2833 1074 2898 vis
1102 2843 1137 2898 ut
1205 2833 1224 2912 s

105 2971 120 3008 t
152 2944 275 3033 sapiant
297 2943 396 3009 tibi..‘.
422 2942 500 3010 Ideo
522 2955 629 3009 autem
646 2937 783 3010 libenter
797 2933 895 3031 ipsius
910 2941 1007 3008 nerlu
1023 2939 1056 3006 in
1071 2938 1135 3006 hoc
1173 2955 1183 2969 ¹

111 3079 124 3114 ι
152 3049 308 3140 opusculo
322 3051 504 3136 intersero,
521 3051 595 3139 quia
616 3073 682 3117 non
704 3049 807 3118 solum
825 3047 999 3138 spiritualia
1015 3055 1142 3114 suntet

111 3185 124 3220 t
153 3153 209 3224 cor
224 3157 439 3245 penetrantia,
456 3155 512 3221 scd
528 3170 560 3222 et
574 3142 691 3224 decore
702 3153 963 3244 plena,etadDei
971 3153 1136 3236 servitium

111 3247 338 3328 »excitantia
357 3261 431 3349 Ipse
448 3261 534 3328 enim
558 3261 618 3327 luit
638 3259 942 3349 eloquentissimus,
965 3269 998 3323 et
1025 3255 1137 3345 spiritu
1170 3279 1174 3290 ·
1221 3320 1227 3326 ,

108 3365 121 3429 u
153 3363 315 3455 sapientiae
342 3365 481 3455 plenus,
504 3379 536 3433 et
559 3366 726 3434 sanctitate
753 3363 953 3455 praeclarus,
982 3385 1078 3451 quem
1104 3371 1137 3424 te
1211 3395 1220 3434 χ
1263 3356 1266 3366 ’
1323 3375 1330 3380 “

108 3502 122 3536 ι
152 3473 299 3540 desidero
314 3475 447 3550 imitari,
465 3485 497 3539 et
512 3475 610 3562 ipsius
626 3475 789 3541 monitaet
811 3473 909 3540 verba
931 3493 1030 3561 opere
1047 3489 1137 3534 exer·
1170 3466 1171 3470 ’

112 3611 124 3644 ιι
152 3569 245 3654 ὀθνθς
257 3567 387 3670 propter
395 3582 481 3670 quod
492 3585 573 3672 saepe
581 3583 639 3648 tibi
647 3604 792 3675 propono
801 3579 961 3646 eumdem.
975 3577 1134 3666 t(Meclit-
1200 3593 1203 3598 ’

50 3683 55 3692 ’
112 3696 142 3756 V
145 3690 181 3754 it.
200 3688 323 3754 Christ.
345 3715 371 3754 e.
393 3691 470 3777 56..)
931 3747 948 3760 ,s

141 3795 223 3862 -Nec
239 3796 344 3868 minias
356 3799 389 3862 in
401 3799 470 3886 ejus
487 3795 634 3861 laudibus
647 3795 824 3862 effunditur
834 3794 866 3860 S.
884 3792 1025 3859 Thomas
1041 3794 1137 3883 Aqui·
1201 3783 1204 3786 ¹

110 3923 177 3966 nas.
197 3900 253 3968 Sic
268 3903 355 3969 euim
371 3903 437 3968 ait:
461 3929 473 3962 r
495 3899 569 3967 Fuit
587 3907 663 3990 ergo
682 3923 722 3966 os
733 3901 802 3990 ejus
818 3923 871 3966 vas
887 3891 1084 3988 pretiosum,
1102 3919 1138 3962 co
