2940 4570
816 357 927 448 (9⁶)

356 495 545 581 majorum,
563 491 753 580 (common.
773 513 800 554 ι.
815 493 864 578 9.)
879 497 976 580 presa
987 491 1153 560 inventum
1167 503 1200 556 et
1211 485 1384 556 introduc·

355 611 426 666 tum
442 609 630 690 ucoeperat;
656 595 761 662 stabat
781 620 855 664 oum
876 597 931 664 illo
946 597 978 666 S.
1002 599 1173 690 Dionysius
1190 593 1384 664 Alexandri-

356 725 435 782 nus,
453 703 623 796 pluresque
643 701 696 770 ulii
712 725 778 769 non
793 703 964 772 mediocris
985 703 1181 774 auctoritatis
1197 701 1361 784 antistites
1375 749 1383 774 .

356 813 411 900 qui
426 811 575 902 speciosis
593 807 694 876 delusi
707 811 901 899 argumentis
921 811 1026 900 potitus
1040 817 1137 900 quam
1160 806 1385 876 Eoolesiurum

354 915 519 984 traditioni
535 913 736 982 inherebant
745 939 755 988 t
771 915 875 982 stabat
890 939 929 982 ex
944 915 1077 982 odrorso
1091 915 1246 1004 llomunae
1264 909 1383 980 Eccle-

284 1023 291 1044 ⁴
356 1023 409 1090 sim
420 1022 562 1112 pontifex
578 1019 778 1108 Stephanus,
795 1021 850 1108 qui
866 1021 1058 1088 reluctantes
1078 1018 1280 1088 memorabili
1296 1041 1383 1084 sem-

353 1151 413 1219 per
428 1115 524 1194 ellltto
541 1125 725 1194 cousutnlret
740 1149 748 1191 :
764 1126 794 1193 ll
799 1126 862 1192 tttt
875 1127 1073 1204 innovetur,
1086 1127 1155 1194 nisi
1168 1128 1257 1215 quod
1272 1125 1384 1192 trudi·
1448 1125 1449 1158 ³

356 1250 427 1300 tum
441 1247 496 1298 est.
514 1231 606 1296 Vicit
617 1242 745 1306 autem,
762 1243 797 1295 ut
808 1231 976 1321 Augustini
989 1231 1093 1298 verbis
1106 1243 1177 1298 utor
1192 1281 1201 1308 ,
1217 1232 1304 1298 oieit
1313 1253 1385 1318 pau
1448 1221 1449 1232 ¹

357 1339 486 1406 Christi
501 1339 539 1402 ies
554 1337 708 1402 cortilus
722 1360 834 1402 eorum
849 1385 857 1413 ,
875 1361 916 1403 ne
935 1335 1201 1408 unitns'Ecolesiae
1217 1333 1383 1404 solnders-

356 1456 418 1510 tur.
438 1442 472 1509 st
486 1442 557 1532 quis
572 1453 679 1506 autem
703 1441 853 1530 Cypriani
866 1443 978 1506 onimae
994 1453 1111 1510 sauotae
1123 1441 1304 1510 ‘candorem
1316 1463 1381 1508 nae-

338 1537 412 1616 'r'us
433 1549 474 1612 ob
497 1547 585 1613 huno
607 1570 748 1612 errorem
768 1544 932 1635 effecerit:
956 1546 1101 1636 siquid,
1121 1547 1210 1636 juxto
1234 1547 1381 1640 ejusdem

350 1640 501 1722 ‘Dootoris
519 1651 669 1726 effatum,
687 1653 795 1716 iratus
812 1667 842 1716 et
859 1651 961 1738 paulo
979 1653 1173 1716 eomomtior
1185 1652 1223 1715 in
1238 1648 1381 1740 Steplao-

274 1833 277 1840 ,
354 1783 437 1826 rerem
452 1758 649 1844 deliquerit,
674 1755 781 1822 statim
803 1760 825 1820 t
847 1757 999 1823 caritatis
1018 1756 1172 1824 uberibus
1195 1771 1379 1822 sonuerunt

352 1869 452 1960 fuisse
464 1865 665 1948 eredendum
681 1879 749 1939 est,
766 1869 877 1951 utpote
901 1887 998 1951 quem
1014 1866 1088 1952 salo
1108 1865 1274 1954 passionis
1297 1885 1380 1952 pur-

353 1974 503 2066 gaverit,
521 1987 550 2036 et
566 1970 826 2058 consponsauerit
845 1971 995 2035 caritatis
1011 1970 1152 2036 ubertus.
1167 1969 1244 2036 lma
1259 1990 1380 2054 quam·

352 2080 407 2146 uis
429 2077 605 2142 correxisse
621 2075 817 2140 seutentiam
840 2097 909 2140 nors
930 2076 1145 2152 inueniatur,
1170 2097 1240 2156 nors
1260 2075 1379 2140 ineert-

351 2200 507 2277 gruereter
519 2199 631 2249 tamen
646 2183 687 2248 de
704 2181 1126 2252 toliuirosaeistimanduot
1140 2185 1291 2271 estquod
1306 2207 1380 2250 eor-

352 2290 477 2356 reoeerit
488 2338 496 2365 ‚
509 2303 539 2354 et
550 2290 688 2377 fortasse*
698 2309 905 2376 suppressum
919 2289 962 2356 sit
976 2289 1018 2354 ab
1034 2292 1100 2366 eis.
1116 2291 1175 2378 qui
1190 2289 1250 2356 ltoe
1265 2314 1379 2358 errore

352 2394 498 2458 uimiitm
514 2391 926 2466 murmurmurmur
945 2395 1035 2460 uelut
1053 2395 1242 2484 patrocinio
1264 2417 1378 2462 carere

351 2502 538 2567 noluerunt.
561 2498 619 2586 (S.
640 2503 719 2590 Aug.
736 2499 834 2588 Epist.
855 2500 908 2587 95.
923 2523 955 2566 n.
960 2501 1058 2588 ο58.)

395 2603 470 2672 Post
485 2614 533 2669 tot
546 2610 622 2670 vert>
642 2615 799 2692 martyres
819 2626 898 2691 quos
918 2603 958 2669 ud
980 2604 1078 2672 ooelos
1092 2607 1291 2697 premiserat
1307 2574 1376 2699 (ly-
1447 2697 1448 2704 ¹

349 2711 497 2802 prianus,
515 2709 630 2798 etipse
646 2707 775 2774 tandem
798 2707 936 2798 glorioso
955 2713 1109 2800 martyrio
1126 2725 1299 2782 coronatus
1310 2729 1371 2782 est
1447 2709 1448 2722 ¹

359 2816 734 2904 ‹Praeoesserut,tnqurt
746 2815 1168 2910 Augustinus,Cyprianum
1180 2821 1275 2890 multi
1287 2847 1376 2892 mar-
1447 2817 1448 2826 ¹

349 2951 363 2984 ι
394 2934 497 3012 tyres,
516 2946 595 3012 quos
612 2921 861 3010 flagrantissimis
877 2923 1150 2992 exhortationibus
1167 2928 1232 2994 suis
1247 2929 1334 2996 ud
1305 2954 1374 2998 vrn-

348 3057 361 3092 s
394 3028 533 3094 cendum
549 3025 713 3093 diabolum
733 3028 953 3096 accenderat:
971 3041 1003 3098 et
1025 3043 1093 3098 eret
1115 3032 1226 3122 utique
1241 3035 1372 3125 justum

349 3163 361 3196 s
393 3147 428 3199 ut
441 3157 520 3224 quos
535 3132 696 3202 veridicus
706 3133 865 3224 loquendo
878 3137 1093 3226 premiserat,
1106 3139 1280 3228 patiendo
1270 3156 1373 3212 mtre-

348 3269 361 3302 ι
391 3239 483 3329 prdus
496 3252 691 3328 sequeretur
707 3269 720 3303 ι
743 3241 876 3329 (Serm
897 3243 988 3332 509.)

354 3345 590 3412 Renasoonte
605 3346 714 3422 enim,
731 3345 900 3414 Valeriano
915 3361 948 3414 et
964 3347 1111 3436 Gallieno
1122 3351 1369 3441 imperantibus,

346 3451 586 3542 persecutione,
610 3451 789 3541 Cyprianus
805 3453 991 3543 episeopus,
1010 3478 1120 3522 eoram
1135 3457 1275 3527 Paterno
1278 3484 1372 3552 pro·

343 3553 476 3623 consule
489 3568 603 3645 suptus
618 3557 738 3622 sistitur
745 3580 832 3646 ,qno
844 3559 1030 3647 exquirente
1042 3561 1082 3628 de
1093 3585 1222 3630 nomme
1230 3587 1375 3655 respon

344 3663 414 3731 dit.
438 3664 682 3730 «Christianus
690 3687 786 3742 sum,
807 3679 840 3732 et
854 3667 1038 3758 Episcopus
1063 3668 1173 3736 Nullos
1192 3669 1271 3739 ulios
1291 3673 1372 3744 deos

333 3797 356 3864 1ι
386 3769 479 3846 novi,
503 3769 561 3835 nisi
581 3792 680 3835 unum
698 3781 730 3835 et
747 3793 861 3866 perum
874 3771 1006 3864 Deum,
1026 3773 1079 3862 qui
1102 3775 1320 3853 leoitooelum
1337 3793 1372 3848 et

343 3902 356 3936 s
387 3884 525 3950 terrem,
541 3885 574 3939 et
588 3897 657 3963 quse
673 3887 747 3941 sunt
766 3875 798 3942 in
815 3875 860 3943 eis
871 3877 989 3946 omnia.
1004 3877 1087 3947 Huio
1101 3879 1170 3948 Deo
1183 3905 1243 3949 nos
1259 3884 1371 3954 chris-
