2940 4570
716 343 733 398 ·,
797 313 932 403 (¹4²)

359 480 372 512 »
404 473 542 530 nomen,
558 449 666 518 lumen
689 449 828 518 veritatis
849 450 955 518 ferens
970 446 1102 536 posuisti
1117 453 1214 535 super
1228 429 1398 516 candela!

341 585 371 620 „
401 557 496 638 hrum
512 607 522 634 ,
547 568 582 622 ut
596 553 702 622 luceat
719 555 887 624 omnihusl
907 554 987 634 Quis
1002 555 1112 630 enim,
1135 552 1276 642 exceptis
1292 549 1382 616 Aria·

359 690 371 718 a
401 661 468 740 nis,
484 683 550 726 non
565 659 708 750 pervidet
722 683 763 729 ex
776 664 830 726 tusi
843 659 991 730 doctrina
1001 681 1109 724 veram
1117 657 1250 746 quidem
1262 655 1379 726 lidem;

357 797 370 830 ι
404 767 560 837 maculam
578 779 687 842 autem
705 765 899 834 Arianorum
916 764 1007 833 valde
1028 778 1060 830 et
1080 763 1330 838 admirabiliter,
1348 773 1384 824 ut

358 901 371 936 t
403 872 606 943 antumant
624 873 788 949 tenebris,
805 872 849 940 iu
864 872 1034 960 separtsti,
1053 873 1247 940 veritatemh
1264 865 1383 936 callidi-

359 1008 373 1041 »
402 989 467 1044 tate
487 991 520 1044 et
543 979 703 1068 hypocrisi
726 978 975 1052 haereticorum,
998 977 1168 1044 defendisti
1190 973 1383 1044 catholicam

359 1114 371 1146 s
402 1083 592 1177 Ecclesiam,
602 1083 745 1172 probasti
759 1082 839 1148 nihil
852 1106 940 1156 esso,
954 1081 1010 1148 scd
1027 1088 1150 1148 tantum
1162 1081 1381 1170 phantasiam,

360 1220 373 1253 ι
403 1188 595 1259 Arianorum
608 1189 723 1265 verba,
734 1188 871 1257 docuisti
880 1186 1050 1256 calcandos
1062 1187 1305 1258 esselrendores
1321 1185 1382 1248 dia-

358 1325 371 1358 t
401 1294 533 1364 holieos.
555 1323 568 1358 s
592 1295 713 1382 (Epist.
731 1294 777 1360 ad
786 1293 908 1381 Lucis.)

663 1519 668 1525 ,
779 1473 957 1516 uutrtontts.

393 1612 515 1676 Excusa
528 1623 602 1674 sunt
611 1608 750 1675 Luciferi
762 1633 871 1698 opera,
882 1633 966 1674 anno
980 1609 1076 1685 1568,
1085 1608 1243 1684 Parisiis,
1251 1618 1383 1673 curante

359 1715 459 1782 loon.
475 1717 521 1782 du
539 1713 657 1792 Tatta,
673 1713 826 1798 Meldensi
836 1715 994 1804 Episcopo
1010 1713 1163 1800 (inor),
1180 1724 1212 1778 et
1226 1717 1337 1800 postea
1351 1710 1382 1773 in

359 1818 561 1888 bibliothecis
569 1819 700 1886 Patrum
708 1819 896 1896 Parisiensi,
914 1817 1097 1886 Coloniensi
1111 1829 1144 1882 et
1160 1815 1379 1906 Lugdunensi.

817 1979 839 2068 3
863 1977 936 2046 vn.

484 2115 627 2181 Sanctus
640 2115 801 2186 Eusebius
818 2115 849 2178 V
849 2115 1031 2181 eracliensis
1046 2165 1054 2190 ,
1071 2136 1161 2180 anno
1179 2114 1254 2198 571.

790 2288 933 2354 narrans.
996 2281 1000 2290 ’

370 2509 375 2524 .
403 2460 547 2528 Sanctus
565 2438 746 2535 Eusebius,
763 2458 795 2526 in
811 2457 956 2526 sardinia
974 2469 1085 2534 natus,
1103 2456 1159 2528 sed
1170 2456 1282 2527 llomae
1296 2469 1384 2546 post-

360 2563 422 2630 hltc
437 2563 541 2632 incola
557 2564 681 2640 lactus,
698 2564 740 2628 in
756 2564 902 2632 omnium
914 2564 1180 2632 existimationem
1203 2564 1265 2630 sibi
1280 2562 1385 2630 vindi-

361 2669 468 2744 cavit,
493 2681 528 2734 ut
550 2666 760 2736 Vercellensis
784 2667 934 2738 Ecclesiae
958 2665 1125 2758 episcopus
1146 2669 1381 2744 ordinaretur,

361 2772 417 2838 ubi
433 2772 530 2838 vitam
547 2772 760 2843 monasticam
774 2797 849 2842 cum
867 2773 1040 2862 apostolictl
1054 2769 1115 2841 vna
1132 2774 1338 2849 consocians,
1353 2783 1384 2837 et

360 2877 393 2944 in
411 2877 525 2946 eodem
542 2902 617 2946 eum
641 2878 765 2947 clericis
787 2882 981 2948 monasterio
1005 2881 1142 2971 degens,
1159 2903 1224 2949 noa
1246 2881 1383 2948 maxima

361 2982 457 3076 modo
487 2983 641 3052 virtutum
672 2979 822 3052 ostendit
837 2987 1012 3074 specimina
1027 3038 1045 3063 ,,
1061 2986 1119 3054 sed
1145 2985 1254 3076 plures
1287 2987 1382 3080 etiam

360 3090 699 3178 praestantissimosque
714 3091 880 3179 episcopos
896 3090 1045 3158 Ecclesiae
1056 3091 1254 3180 praeparavit.

404 3194 552 3264 Lucifero
571 3194 753 3263 Caralitano
774 3197 807 3263 in
827 3203 973 3286 suscepta
992 3199 1032 3264 ad
1057 3197 1280 3263 Constantium
1296 3195 1382 3284 lega-

360 3299 447 3366 tione
459 3323 566 3369 comes
578 3299 742 3376 addictus,
766 3300 905 3369 concilio
917 3300 1144 3368 Mediolanensi
1161 3301 1236 3370 anni
1254 3301 1317 3370 555
1335 3302 1383 3365 in-

360 3402 491 3476 terluit3
511 3401 566 3468 sed
587 3407 660 3468 clam
678 3401 892 3470 Athanasium
911 3404 1085 3493 reprobare
1105 3403 1222 3482 nollet,
1243 3403 1384 3494 Scytho-

360 3508 458 3598 polim
483 3509 516 3596 in
539 3507 729 3578 Palestinam
744 3510 908 3598 primhm,
930 3511 986 3579 uhi
1003 3512 1253 3588 carcere,‘fame
1274 3511 1384 3576 ¹uariis-

361 3638 423 3702 que
439 3613 632 3682 cruciatihus
649 3603 730 3703 peno
742 3628 874 3682 necatus
889 3628 955 3692 est,
970 3617 1002 3682 in
1021 3617 1257 3706 Cappadociam
1269 3614 1385 3682 deinde

360 3727 533 3810 rursusque
561 3725 593 3788 in
626 3723 801 3812 AEgyptum
824 3721 1001 3812 relegatus,
1030 3723 1183 3792 invictum
1216 3727 1317 3810 usqua
1343 3720 1382 3786 ad

362 3831 537 3900 Constantii
553 3843 689 3900 mortem
700 3833 846 3898 animum
861 3832 1002 3898 retinuit.
