2940 4570
412 403 414 408 ’
467 450 470 456 ,
503 395 513 480 t
542 418 601 484 ¹79
626 397 637 484 )

70 527 187 596 bilibus
205 529 375 596 decantate
391 533 610 610 carminibus,
629 557 699 623 quae
714 557 828 602 excuse
841 549 888 603 est
903 541 972 604 tiun
987 545 1089 628 preci

64 635 159 703 Paris.
180 659 233 702 an.
261 639 363 714 1580,
382 644 449 704 turn
466 661 540 706 cum
559 640 714 732 Sillorgi
728 643 988 732 interpretatione
1003 645 1088 734 opud

67 741 316 809 Corumelinum
331 792 341 819 ,
358 765 409 808 en.
427 745 520 830 1596.
542 743 672 835 Legitur
685 747 779 814 etiem
794 748 826 814 in
849 749 941 816 variis
959 749 1088 816 Petrum

67 847 283 916 bibliothecis.

493 1083 528 1173 -s
551 1084 664 1153 xur.

128 1292 275 1358 Sanetus
289 1285 428 1374 Optatus
442 1275 479 1353 M
482 1286 678 1361 iteritanus,
696 1287 786 1352 eirea
800 1311 932 1354 annum
948 1290 1023 1370 est.

481 1495 485 1505 '
507 1489 653 1536 tutinus.

109 1676 255 1742 Sanetus
279 1676 436 1762 Optatus,
461 1673 659 1744 Milevitanus
682 1677 898 1766 episcopusin
917 1681 1065 1750 Numidia
1084 1731 1093 1759 ,

69 1783 229 1872 scripsisse
244 1781 371 1846 videtur
386 1782 426 1846 eb
442 1805 494 1847 en.
515 1783 602 1868 570,
629 1788 729 1870 usque
752 1783 793 1848 ad
813 1805 934 1852 annum
951 1789 1026 1867 sot.
1042 1789 1096 1878 tg-

69 1905 143 1958 nota
160 1894 291 1978 prorsus
310 1886 394 1953 illius
411 1887 493 1963 vito,
521 1887 580 1954 nisi
600 1887 687 1976 quod
710 1887 750 1952 uh
771 1888 995 1996 Hieronymox
1015 1895 1027 1981 (
1057 1895 1097 1959 de

70 1995 195 2083 Soript.
216 1994 340 2060 Eccles.
361 1989 679 2076 120.)Velentinieno
695 1991 709 2056 l
725 2004 757 2057 et
774 1991 906 2062 Valente
922 1994 1097 2086 imperoto-

73 2101 182 2175 ribus,
200 2097 371 2163 defunctus
384 2093 603 2184 perhibeatur.
621 2093 692 2162 Non
704 2093 804 2162 semel
817 2099 857 2164 eb
871 2097 1049 2190 Augustino
1064 2115 1097 2170 ct

70 2203 246 2295 Fulgentio
262 2201 411 2268 laudatus
423 2201 610 2291 est;(Fulg.
621 2201 679 2268 tit.
696 2203 800 2268 ruod
814 2201 959 2274 Maoeim.
976 2231 1003 2276 c.
1024 2211 1092 2301 ιδ.)

71 2333 212 2400 quorum
228 2309 317 2398 prior
334 2305 426 2372 illum
446 2305 627 2394 Cypriane,
646 2305 832 2386 Lactantio,
852 2311 1038 2392 Victorino,
1062 2330 1095 2382 et

70 2414 195 2482 Hilario
212 2411 391 2490 consociat,
418 2409 538 2476 mirans
553 2433 561 2475 ε
584 2435 597 2470 s
617 2409 746 2490 Quanto
765 2435 843 2478 euro
861 2427 894 2480 et
912 2432 1047 2506 argento
1065 2433 1098 2486 et

72 2551 84 2582 ι
115 2531 204 2586 veste
221 2514 446 2582 suffarcinatus
465 2513 578 2580 exierit
601 2513 640 2579 de
664 2511 802 2604 AEgypto
805 2559 887 2582 ......
906 2519 1094 2606 (deDootr.

72 2655 85 2686 s
117 2623 244 2689 Christ.
265 2620 321 2687 tib.
344 2644 374 2686 2.
394 2644 420 2705 e.
440 2621 495 2700 io.
514 2629 566 2683 πθ
581 2617 1025 2706 61.)Veuerebilismemoriae
1037 2627 1098 2716 llif

71 2760 84 2793 »
114 2729 273 2798 levitonus
289 2729 457 2817 episcopus
470 2723 636 2792 catholicre
652 2728 897 2812 communionis,
916 2759 929 2794 ι
953 2733 964 2820 l
981 2751 1097 2808 eontra

71 2839 230 2904 Parmen.
253 2835 309 2900 tib.
334 2859 361 2898 r.
381 2857 408 2899 o.
429 2857 477 2920 ¹7·
497 2845 549 2896 πθ
564 2832 594 2897 5.
612 2835 623 2920 J

118 2942 228 3008 Unum
241 2951 385 3029 superest
396 2950 508 3006 contre
520 2937 701 3004 nonnosus
717 2960 796 3026 opus
811 2963 865 3010 sex
877 2940 966 3011 libris
982 2945 1098 3014 Hiero-

73 3049 162 3138 nymi
182 3060 330 3136 tempore
347 3045 502 3121 divisum,
521 3043 641 3132 quibus
656 3067 744 3110 nuno
763 3047 916 3134 septimus
939 3055 1096 3130 occessit,

73 3153 140 3240 qui,
161 3148 264 3216 veluti
277 3147 479 3239 suppositus,
493 3154 511 3212 i
524 3145 944 3238 quibusdumrejoctuscst‘:
964 3167 1008 3220 ιθ
1023 3157 1097 3244 quin
1133 3201 1135 3208 ι

69 3281 150 3349 opus
162 3255 205 3322 ab
219 3255 289 3345 ipso
298 3253 416 3344 Optato
428 3277 483 3320 sen
493 3251 583 3318 libris
598 3251 734 3320 divisum
745 3257 955 3346 proponitur3
971 3261 1097 3348 estquis

69 3387 122 3430 sex
135 3363 259 3453 paritur
275 3359 364 3427 libris
375 3359 514 3426 divisum
525 3358 662 3426 refertur
673 3359 714 3424 ub
728 3359 943 3450 Hieronym03
964 3366 1010 3431 δι’
1021 3366 1094 3454 quin

68 3469 197 3560 septimi
214 3467 305 3534 istius
326 3465 398 3532 libri
424 3465 522 3532 dictio
542 3463 679 3555 eleganti
695 3465 947 3554 praecedentium
966 3467 1094 3564 eloquio

65 3597 248 3644 consonare
262 3595 328 3640 uon
341 3572 467 3640 videtur
475 3596 485 3648 ς
497 3574 545 3652 [μ’
556 3571 628 3661 quio
639 3569 845 3638 'ineditorum
857 3572 980 3638 crimen
993 3571 1092 3640 voluti

66 3684 265 3752 levissimum
282 3681 484 3770 proponitur.
504 3677 568 3746 Sed
589 3676 795 3746 nihilominus
811 3669 986 3746 tenendum
1007 3680 1097 3746 vide-

67 3803 119 3854 tur
135 3787 258 3854 librum
275 3783 364 3852 illum
381 3807 448 3852 esse
465 3783 707 3859 authenticum,
725 3794 768 3848 1.⁰
788 3783 861 3870 quia
877 3783 940 3850 dici
955 3807 1020 3850 non
1035 3784 1099 3851 im·

67 3894 188 3961 merito
204 3904 311 3982 potest
331 3915 410 3989 opus
435 3891 474 3957 ab
492 3891 612 3980 Optato
627 3891 723 3956 luisse
738 3904 919 3958 correctum
936 3903 969 3957 et
984 3891 1099 3982 empli-
