2960 4592
401 421 406 458 ι
513 355 647 472 (aas

57 521 553 613 llilduiuo‚quiEpiscopatum
574 522 1099 595 Leodiensemiuvuserat,oomes
1195 544 1204 550 ·
1261 507 1267 518 ’

58 626 238 703 addictus,
255 627 288 694 in
321 626 445 694 ltaliam
462 625 516 692 illo
532 625 664 715 expulso
691 625 918 714 edxHugonem
938 647 1045 712 regem
1067 643 1100 688 se

56 735 208 822 recepit,
233 741 251 799 t
274 749 337 822 quo
358 731 528 798 Hilduinus
557 733 597 798 ad
626 732 852 820 Episcopatum
878 729 1099 797 Veronensum

57 851 238 924 promotus
277 851 333 904 est.
363 839 444 906 Cam
468 851 577 905 autem
600 837 789 904 Hilduinum
810 835 982 936 paulopost
1006 836 1099 924 Hugo

59 941 286 1010 Mediolanum
304 944 477 1008 transferre
494 941 608 1018 vellet,
631 939 818 1009 Ratherium
835 939 972 1006 Romam
988 940 1074 1004 misit
1091 965 1099 1014 ’,

62 1049 157 1114 unde
166 1047 379 1118 translationis
388 1049 735 1137 approbationemoum
744 1043 1102 1114 PallioadHilduinum

59 1153 220 1229 referrem
236 1147 302 1242 quo
323 1153 418 1226 saoile
440 1155 628 1244 impetrato,
651 1154 691 1218 ad
712 1176 821 1242 regom
842 1154 932 1218 brevi
954 1175 1100 1218 reversus

61 1269 113 1322 est
142 1257 338 1334 Ratherius,
364 1259 531 1349 epistolam
556 1259 686 1349 insuper
712 1259 816 1324 eidem
844 1257 1005 1334 referens,
1039 1256 1100 1344 qua

59 1386 213 1432 summus
231 1364 378 1432 Pontifex
397 1365 540 1431 Ratherii
560 1365 657 1454 ipsius
678 1365 914 1452 promotionem
939 1364 979 1428 ad
996 1361 1100 1431 Vero-

59 1493 201 1538 nensem
215 1452 441 1559 Episcopatuni
454 1469 643 1559 postulabat.
653 1471 727 1550 ,Hoc
735 1493 918 1559 quanquam
929 1469 985 1535 sibi
996 1469 1101 1558 ingra-

61 1587 157 1647 tum,
178 1581 218 1642 eo
235 1587 341 1660 tamen
354 1575 505 1642 libentius
519 1561 676 1645 concessit
688 1567 800 1666 Hugo‚
814 1577 900 1666 quod
912 1576 1099 1644 Ratherium

60 1682 183 1748 morbo
198 1680 553 1760 laborantemvideret,
571 1691 588 1748 ι
605 1707 668 1772 quo
683 1683 773 1749 brevi
788 1683 1015 1773 perimendum
1030 1707 1098 1752 esse

63 1789 227 1877 sperabat.
248 1787 298 1854 llli
315 1801 422 1854 autem
439 1787 693 1865 convalescenti,
710 1783 858 1878 annoque
874 1791 934 1876 951
956 1791 988 1855 in
1005 1791 1099 1878 Epis·
1193 1791 1199 1795 ’
1223 1807 1229 1823 ’

63 1919 187 1984 copum
200 1907 407 1992 consecrato,
427 1895 491 1960 tale
519 1895 629 1961 odium
646 1896 752 1972 vovit,
771 1907 807 1968 ut
827 1897 978 1962 omnihus
997 1897 1100 1961 modis

64 2001 248 2068 vexandum
264 2001 448 2090 susciperet.
468 1999 552 2078 Hine
567 2001 785 2088 intrumentum
794 2003 898 2088 primo
908 2015 1099 2089 extorquere

66 2107 197 2186 uoluit,
208 2133 271 2197 quo
287 2108 450 2176 redituum
462 2107 547 2196 parti
559 2107 745 2175 solemniter
754 2109 961 2174 renuntiaret.
975 2109 1100 2198 injusto

65 2213 250 2281 suscribere
273 2213 407 2302 imperio
430 2225 558 2283 recusat
579 2213 765 2289 Rhaterius3
790 2227 923 2302 augetur
946 2215 1099 2304 principis

67 2320 178 2390 turon
205 2332 389 2406 queruntur
415 2319 606 2408 expulsionis
634 2341 754 2394 causaes
770 2331 967 2409 exsurgente
990 2329 1098 2386 autem

70 2435 186 2492 contra
202 2419 404 2512 Ardulphum
420 2424 525 2501 hello,
543 2423 1098 2514 tamsollieiteexpeotatapraebetur

71 2529 221 2598 vindictae
237 2553 343 2606 causa.
364 2533 551 2620 Expugn'utai
567 2531 648 2597 urbe
663 2532 785 2621 potitur
804 2528 1004 2619 Arnulphust
1023 2537 1099 2616 per'2

68 2637 146 2712 adia
172 2637 341 2704 liutherius
359 2639 543 2717 incusatur,
560 2646 754 2729 receptaque
770 2641 896 2708 Verona
911 2625 1099 2703 'detruditur

68 2746 104 2810 in
120 2751 291 2813 carcerem.
309 2747 400 2812 Unde
416 2760 490 2836 post
478 2747 583 2814 tduos
596 2770 696 2818 annos
711 2762 743 2814 et
756 2771 810 2814 sex
824 2771 949 2813 menses
962 2745 1096 2834 eaptivi-

70 2852 162 2925 'tatis,
179 2854 321 2940 quinque
338 2854 427 2919 annis
443 2855 647 2926 exulareff
588 2879 647 2944 cog
650 2857 752 2920 itur·

114 2958 174 3025 Via
204 2958 309 3048 aliqua
328 2965 557 3074 reeuperaudur
573 2955 723 3030 Ecclesia»,
741 2986 810 3054 spes
834 2959 998 3040 illuxerat,
1021 2970 1097 3030 olam

71 3063 194 3129 ltaliam
210 3065 351 3154 repetit3¹
334 3067 441 3132 ·sed'·
433 3095 450 3132 a
468 3061 662 3176 Berengar'io
673 3079 790 3158 eaptus
799 3069 959 3135 suadente
975 3069 1095 3136 Medio-

71 3167 194 3236 lanensi
213 3157 462 3262 Archiepiseopo
487 3165 646 3253 Manasse,
656 3171 769 3240 tribus
793 3177 909 3241 iterum
932 3177 1096 3244 mensibus
1152 3169 1155 3174 ’

71 3276 104 3339 in
119 3284 250 3344 camede
262 3277 433 3342 detinetur.
454 3281 614 3350 Veronam
629 3283 713 3348 inde
720 3267 903 3376 reductus
897 3294 929 3348 et
916 3290 960 3348 tt
978 3283 1096 3348 Milone

73 3383 145 3469 ejrrs
159 3365 249 3449 urbis
263 3377 388 3448 Gemite
410 3399 580 3474 exceptus,
602 3389 648 3453 ita
668 3365 806 3455 duobis
816 3385 905 3454 annis
925 3383 1096 3478 tytannieo

73 3487 195 3577 hujus
188 3487 322 3576 irnperio
349 3502 516 3576 oppressus
542 3503 613 3580 est
636 3505 670 3556 ut
680 3493 778 3558 null'd
798 3499 928 3594 prorsus
945 3491 1096 3580 libertate

73 3591 239 3658 frueretur
263 3592 476 3662 Consecratur
491 3544 631 3661 interlui
631 3575 1095 3717 aManlsse,Arel1iopisoopo

75 3695 320 3775 Mediolanensi,
338 3697 418 3764 alter
435 3700 624 3766 Veronensis
641 3701 864 3790 Episcopus,
856 3701 968 3789 injung
971 3700 1097 3791 itusque

76 3789 239 3868 Ratherio
238 3803 467 3892 ,Imperatoris
491 3803 631 3870 Lothurii
659 3806 806 3880 nomine,
829 3804 947 3870 statim
956 3804 1095 3872 abeundi
1140 3799 1141 3803 ¹

78 3907 270 3973 mundatum.
300 3907 396 3988 Quod
417 3905 501 3977 ultro
521 3905 672 3985 fecisset,
705 3922 739 3974 ut
762 3910 827 3998 ipso
848 3888 1017 3987 testatur,
1036 3911 1096 3997 nisi
