2990 4570
787 399 923 488 <sot

349 563 362 598 s
392 548 468 602 sent
478 535 578 603 seculi
593 559 764 604 vanescere
789 553 915 617 errore,
937 538 1152 624 condiuntur!
1178 538 1198 604 d
1224 511 1379 602 Ecc'lesiae

339 669 358 704 ‚s
391 639 546 720 lucerna,
576 665 646 728 qun
674 640 737 708 lato
766 640 951 710 Catholicis
967 641 1102 708 urbibus
1130 641 1170 708 de
1196 639 1376 730 septiformi

347 777 361 810 »
389 747 509 836 lychno
528 757 655 837 pastum
675 746 754 814 ⁴oleo
774 745 889 812 laetitiae
910 746 1022 815 lumen
1044 745 1231 822 effundens,
1260 745 1378 812 densas

279 907 282 918 .
343 881 356 915 ι
388 851 463 920 licet
478 851 700 918 baereticorum
715 849 865 940 caligines
885 851 1037 930 discutis,·
1051 864 1085 918 et
1100 851 1208 918 lucem
1230 851 1375 917 veritatis

343 974 357 1044 s
384 956 605 1022 econiusione
626 953 854 1031 tenebrarum,
871 953 1041 1042 splendore
1063 952 1197 1021 clarifici
1216 955 1376 1020 sermonis

342 1091 354 1123 s
387 1059 530 1128 enubilas
546 1061 553 1123 l
570 1059 616 1124 Os
631 1060 717 1142 enim
733 1071 825 1126 tuum
841 1059 980 1126 fistulam
995 1083 1084 1150 aquae
1100 1060 1201 1136 vivae,
1214 1073 1247 1125 et
1257 1082 1373 1124 venam

341 1197 354 1231 s
384 1166 479 1234 sontis
491 1165 602 1230 aeterni
613 1165 727 1232 merito
737 1163 905 1232 dixerim».
920 1165 1048 1254 (Epist.
1063 1165 1102 1230 25
1113 1165 1372 1256 apudAugust.)

342 1273 408 1341 Neo
420 1272 526 1338 minor
540 1270 573 1336 in
589 1269 755 1360 Augustini
767 1270 916 1338 laudibus
928 1323 937 1349 ,
951 1273 1022 1338 vitae
1035 1271 1133 1360 ipsius
1146 1272 1284 1360 scriptor
1299 1271 1375 1337 Pos-

339 1381 437 1448 sidius
459 1404 467 1446 s
496 1377 717 1468 «Augustinus
735 1377 834 1445 homo
861 1377 1372 1468 coelestis‚limago*divinitatis‚

341 1516 354 1552 s
370 1486 479 1552 ,Pater
489 1483 641 1560 Petrum,
666 1483 787 1551 Doctor
809 1485 986 1552 Doctorum
1002 1483 1161 1574 ,abyssus
1182 1483 1370 1574 sapientiae,

290 1610 296 1616 ·
322 1620 352 1654 «ι
381 1611 488 1679 praeco
510 1589 669 1666 veritatis,
689 1599 852 1656 eructator
873 1589 1054 1656 divinorum
1078 1586 1280 1676 eloquiorum
1294 1611 1306 1665 ,·
1320 1588 1373 1653 in·-
1487 1577 1488 1582 ¹

339 1725 352 1758 s
382 1695 517 1790 quisitor
536 1691 781 1781 praedictorums
802 1693 999 1782 Augustinus
1022 1715 1081 1781 par
1104 1691 1235 1782 Angelis
1250 1692 1285 1758 in
1307 1691 1372 1758 ier-

339 1829 352 1864 s
381 1822 475 1874 vore,
494 1819 551 1886 por
565 1795 733 1885 Prophetis
751 1797 786 1862 in
799 1796 1063 1864 absconditorum
1080 1797 1308 1886 mysteriorum
1317 1819 1373 1864 rre·
1487 1833 1488 1896 3

340 1938 352 1970 s
381 1906 538 1974 velatione
550 1927 627 1994 ,par
640 1903 801 1994 Apostolis
814 1905 846 1971 in
855 1905 1084 1995 praedicatione
1094 1905 1371 1994 ,parlllartyribus

337 2041 353 2076 s·
381 2013 414 2078 in
430 2009 642 2076 desiderando
662 2009 865 2098 passionem,
881 2032 942 2098 par
958 2006 1205 2074 Confessoribu's
1220 2009 1253 2074 in
1272 2009 1370 2076 disci-

339 2147 352 2180 »
381 2115 542 2205 plinarum
562 2113 753 2193 traditione,
778 2127 811 2182 et
832 2139 891 2204 par
905 2115 1091 2205 Virginibus
1110 2116 1144 2181 in
1164 2115 1370 2183 continentiae

263 2277 264 2290 ,
338 2251 353 2286 s
382 2222 671 2290 observatione....·.
697 2221 731 2287 Si
746 2234 863 2288 cuncta
880 2222 1024 2312 corporis
1043 2223 1190 2287 membra
1205 2234 1371 2288 verteren-
1487 2267 1488 2270 κ

339 2358 352 2390 ι
381 2339 435 2392 tur
455 2329 488 2392 in
499 2326 629 2421 ¹linguas
637 2374 652 2406 s,
665 2324 771 2392 adbuc
790 2349 855 2392 non
872 2349 974 2393 essem
993 2325 1155 2394 sullicieus
1173 2325 1215 2392 ad
1235 2324 1371 2392 laudan-

340 2465 352 2498 »
383 2435 460 2502 dum
475 2447 600 2502 tantum
612 2433 740 2500 Patrem
753 2435 997 2502 etboesoremts
1014 2435 1142 2524 (Epist.
1155 2435 1201 2500 od
1212 2433 1366 2521 Maced.)

337 2541 477 2610 llilsrius
496 2527 818 2609 entem'Arelatensis
839 2539 1036 2631 Episcopusi
1054 2567 1066 2600 s
1082 2541 1223 2616 Doctor‚
1247 2540 1369 2628 inquit,

303 2723 306 2734 ἱ
337 2681 350 2714 s
382 2650 665 2719 excellentissimus
682 2645 903 2740 Augustinus;
919 2649 1068 2715 defensor
1083 2647 1160 2714 fidei
1177 2645 1293 2713 nostrae
1307 2697 1317 2721 ,
1336 2648 1370 2713 in

335 2763 349 2819 's
382 2757 487 2822 divina
496 2755 706 2822 meditatione
717 2773 845 2843 semper
856 2753 1014 2830 assiduus,
1033 2753 1123 2820 metu
1139 2745 1254 2820 mortis
1267 2753 1370 2818 intre-

337 2892 352 2927 s
381 2861 849 2953 pidus,destruxitsacrilegos;
863 2855 1364 2954 atquesuperavithaeretico's...»

342 2969 469 3059 (Epist.
489 2969 535 3034 ad
548 2968 692 3054 Amat..)
705 2967 738 3033 S.
759 2967 894 3057 Prosper
909 2991 950 3032 :ss
965 2967 999 3034 S.
1022 2967 1218 3056 Augustinus
1234 2965 1370 3055 Episco-

339 3103 352 3138 υ
381 3101 441 3164 pus
452 3127 462 3154 ,
475 3097 549 3142 acer
564 3073 692 3164 ingenio
706 3125 714 3150 ‚
730 3077 832 3141 suavis
851 3075 977 3168 eloquio
989 3127 998 3154 ‚
1012 3076 1164 3143 secularis
1184 3066 1371 3142 litterature

251 3269 254 3278 Ι
339 3213 352 3246 s
380 3183 502 3275 peritus
511 3197 525 3262 ,‘
533 3185 567 3248 in
582 3179 731 3250 Ecclesiae
749 3175 913 3248 laboribus
933 3201 1109 3272 operosus,
1123 3185 1155 3248 in
1177 3181 1371 3271 quotidianis

337 3320 350 3353 s
382 3287 649 3376 disputationibus
667 3285 799 3360 clarus‚'
811 3287 844 3350 in
861 3287 949 3351 omni
968 3285 1096 3354 actione
1120 3292 1175 3354 sua
1198 3299 1368 3376 comptus,

338 3426 351 3459 s
382 3397 416 3460 in
432 3394 629 3482 expositione
644 3391 720 3459 fidei
736 3403 854 3458 nostrae
870 3391 1065 3470 catholicus,
1081 3395 1116 3459 in
1139 3383 1371 3480 quaestionibus

221 3494 249 3560 '-
336 3533 351 3568 ι
382 3501 583 3570 absolvendis
611 3515 743 3577 acutus,
766 3502 798 3566 in
824 3499 1025 3578 revincendis
1046 3495 1213 3569 haereticis
1229 3503 1371 3567 circum·

337 3643 350 3675 ι
375 3611 530 3701 spectus,
547 3623 580 3677 et
595 3600 628 3674 in
645 3607 838 3704 explicandis
855 3607 1030 3696 Scripturis
1051 3609 1213 3674 canonicis
1229 3619 1345 3674 cautus
1360 3629 1375 3670 :⁴
1487 3637 1488 3684 l

337 3744 350 3778 s
380 3715 541 3802 praecipua
557 3714 590 3778 in
603 3712 669 3777 hoc·
681 3709 827 3798 ternpore
843 3711 948 3800 portio
963 3709 1093 3776 Domini
1110 3709 1363 3776 sacerdotum.»

340 3819 435 3906 (tit.
444 3821 474 3885 ὅ.
487 3821 606 3886 devise
617 3817 809 3906 contompi.)
818 3871 821 3878 .
830 3817 862 3883 S'.
875 3817 1013 3905 denique
1022 3813 1222 3892 Bernardris,
1243 3816 1371 3906 Augus-

336 3925 442 3991 tinum
454 3923 821 4012 dicitsVattcttsstmum
829 3923 987 3990 uiaticum
995 3922 1227 3990 haereticoram
1240 3923 1251 4008 (
1263 3921 1366 3987 Serm.
