2960 4592
543 695 549 722 a

502 747 657 815 Concilio
670 747 841 837 generalia
852 747 938 832 aeota·
952 745 1109 813 anteaioe
1122 743 1232 814 aerati

384 951 478 1018 Anno
511 951 574 1017 555
607 947 789 1016 celebratur
823 948 1003 1018 Concilium
1037 945 1367 1040 Constantinopolita-

340 1080 419 1122 num
438 1055 491 1132 ll,
514 1053 662 1145 generale
678 1053 732 1132 V,
757 1054 811 1120 ubi
827 1054 959 1120 aderant
978 1056 1034 1120 151
1056 1056 1228 1146 Episcopi,
1249 1054 1367 1144 Vigilio

339 1183 464 1228 summo
476 1157 651 1233 Pontifice,
677 1159 732 1246 qui
752 1158 899 1248 assistere
911 1157 1041 1246 quidam
1056 1160 1234 1238 recusavit,
1253 1159 1310 1226 sod
1324 1160 1365 1224 ab

339 1267 505 1358 Episcopis
527 1277 597 1332 acta
607 1263 723 1330 deindo
742 1265 972 1354 comprobavit.
1000 1265 1103 1332 Causa
1124 1265 1207 1333 illius
1230 1288 1368 1354 cougre-

339 1373 433 1467 gandi
450 1371 589 1462 duplex„
604 1377 740 1460 nempe:
764 1383 808 1436 1.⁰
832 1373 938 1438 triam
966 1372 1218 1462 Capitaiorum,
1250 1373 1367 1466 quibus

340 1481 494 1548 acerrime
507 1479 734 1545 adversabatur
744 1477 763 1544 J
766 1478 943 1544 us'tinianus
954 1530 963 1556 ‚
975 1477 1138 1546 damnatio
1143 1504 1153 1552 ;
1171 1492 1216 1545 αθ
1228 1492 1368 1568 quatuor
1475 1507 1476 1512 ¹

339 1586 517 1675 primorum
530 1583 750 1650 Consiliorum
767 1582 984 1674 generalium,
997 1597 1030 1650 et
1041 1586 1216 1674 prasertim
1228 1584 1367 1652 Chalae-

341 1689 490 1756 dononsis
509 1689 550 1756 ab
569 1687 749 1788 Acopbaiia
764 1687 870 1756 adbbc
887 1689 1066 1784 impugnati
1082 1689 1232 1758 solemnis
1245 1690 1369 1760 constr-

341 1796 450 1864 matio.

736 2011 909 2058 Anrtcubus
931 2013 973 2060 11.

289 2254 292 2262 ,
385 2215 435 2282 De
448 2213 522 2279 vitat
535 2227 566 2277 et
580 2208 712 2296 scriptis
726 2207 762 2273 S.
781 2207 925 2274 Patrona
938 2207 1024 2272 secti
1039 2205 1195 2274 Ecatasioe
1208 2207 1319 2276 mati.

387 2427 530 2493 Sanctus
559 2427 754 2519 Fuigentius
774 2437 806 2491 et
824 2426 860 2492 S.
887 2426 1065 2516 Gregorius
1089 2427 1291 2495 Turonensis
1313 2427 1372 2521 soli
1465 2457 1468 2468 ’

241 2526 248 2546 “
343 2535 439 2625 hujus
455 2533 554 2604 seculi
574 2533 775 2600 densissimas
795 2533 944 2599 tenebras
965 2532 1126 2625 paulisper
1143 2534 1300 2602 discutere
1312 2535 1371 2600 visi

344 2659 468 2712 sunt„

707 2841 710 2848 ’
827 2851 898 2942 gi

524 3034 668 3099 Sanctus
683 3033 900 3124 Fuigentius,
919 3057 976 3098 ort.
997 3034 1061 3122 529
1073 3037 1126 3102 vat
1137 3036 1211 3102 555.
1274 3030 1277 3046 '

792 3236 936 3283 LATINUS.

392 3419 537 3485 Sanetus
552 3418 770 3508 Fulgentius,
796 3417 936 3508 Teiaptae
956 3421 989 3486 in
1012 3421 1185 3509 provinciae
1207 3423 1372 3490 Bizacenae

350 3523 494 3600 civitate,
514 3522 676 3589 Gordiano
700 3523 954 3614 Carthaginiensi
976 3539 1123 3593 senatore
1140 3541 1250 3606 atavo,
1275 3529 1374 3596 Clau-

350 3631 402 3698 dio
419 3643 527 3696 autom
543 3642 655 3719 patra,
677 3642 709 3696 et
720 3643 823 3696 matre
840 3631 1004 3697 Mariano-51
1021 3646 1114 3698 natus
1129 3648 1177 3700 ost
1196 3658 1280 3700 anno
1292 3635 1373 3714 468,

296 3721 302 3746 ⁸
350 3750 381 3800 et
398 3736 640 3802 humanioribus
658 3733 832 3825 disciplinis
862 3739 904 3804 ita
931 3737 1137 3816 informatus,
1167 3753 1202 3804 ut
1231 3738 1374 3828 linguam

350 3843 445 3910 otiam
471 3845 615 3913 Graecam
639 3845 792 3936 ‘apprime
814 3844 953 3913 calleret.
986 3845 1159 3914 Provinciae
1181 3859 1375 3937 procurator
