2956 4586
590 296 704 382 (ιι)

187 431 261 511 Quo
275 433 447 510 defuncto,
461 433 598 521 imperat
609 429 742 506 Nerea,
756 429 810 518 qui
823 429 903 496 duos
912 453 1013 500 annos
1025 456 1090 500 nou
1103 435 1164 518 im'·⁴

139 535 260 625 plevit,
294 551 327 606 et
358 537 603 608 mansuetudine
621 535 915 615 commendandus,
939 561 1023 608 anno
1049 541 1165 610 Christi

144 647 188 728 98
204 694 212 720 ‚
229 647 361 734 pacifice
375 659 520 714 mortuus
535 657 593 712 est.
955 637 962 656 '

191 753 279 822 Tunc
299 755 425 845 imperii
441 753 582 820 habenas
602 753 720 842 accipit
746 753 938 840 Trajanm,
959 757 1014 842 qui
1030 779 1166 846 reguum

110 923 113 941 ⁸
146 857 177 922 in
188 857 330 927 seculum
343 882 478 950 sequens
494 856 669 946 protendit.
755 849 760 860 ’

609 1026 631 1116 g
656 1023 696 1091 ιι.

327 1193 545 1258 Summarum
566 1185 774 1275 Pontificem
793 1187 959 1252 successio.

188 1376 224 1442 S.
244 1377 361 1442 Petras
375 1373 568 1464 Apostolus,
591 1372 713 1462 primus
734 1371 885 1440 Ecclesiae
899 1397 1044 1440 summus
1060 1375 1171 1464 pontia

38 1469 55 1493 ¹
143 1481 215 1570 sex,
243 1505 338 1572 super
360 1505 457 1571 quem
476 1479 563 1546 velut
580 1475 780 1545 immobilem
802 1489 929 1567 petram
950 1480 1105 1551 aedilicata
1121 1493 1171 1546 est

141 1587 304 1664 Ecclesia,
322 1611 484 1654 summum
499 1587 581 1677 gerit
603 1584 829 1676 pontificatum
853 1588 912 1654 suh
928 1587 1082 1665 Tiberio,
1106 1588 1169 1656 Ca-

141 1689 258 1782 ligula,
285 1691 420 1758 Claudio
438 1707 470 1758 et
494 1693 643 1769 Nerone,
675 1679 779 1780 aquo
801 1693 891 1759 cruci
922 1693 1061 1784 affigitur
1085 1719 1171 1770 auno

143 1795 262 1862 Christi
277 1795 741 1884 66,pontilioathsautemah.
1073 1843 1079 1878 ς
1108 1847 1110 1856 .
1163 1843 1166 1849 .

186 1905 224 1970 S.
254 1903 359 1969 Linus
395 1927 430 1969 ra
459 1905 548 1970 annis
570 1901 758 1976 moderatur
789 1899 992 1979 Ecclesiam,
1021 1916 1171 1982 stanno

67 2025 71 2032 '
143 1987 261 2076 llhristi
280 2013 321 2096 78
338 2012 379 2076 ad
394 2005 567 2078 Dominum
584 2009 786 2076 transfertur.
802 2011 880 2099 Ejus
897 2011 1119 2100 temporibus,
1138 2011 1170 2076 id

142 2129 208 2190 est,
222 2139 309 2182 anno
325 2141 365 2204 70
380 2167 389 2194 ,
406 2115 559 2206 sacrilega
572 2116 636 2180 ruit
649 2113 843 2182 Jerusalem.

184 2223 221 2288 S.
241 2224 442 2298 Ameletos,
458 2223 556 2311 quiet
574 2221 703 2298 Gletes,
723 2246 759 2288 ιι
773 2223 864 2292 annis
878 2225 999 2312 pariter
1011 2225 1120 2301 sedet,
1137 2237 1170 2292 et

117 2413 119 2421 y
145 2349 230 2436 annp
246 2326 365 2412 Christi
385 2351 422 2414 9¹
448 2327 561 2392 melius
580 2349 715 2416 regnum
731 2341 877 2417 occupat.
890 2329 992 2397 luter
1011 2343 1170 2419 martyres

146 2442 282 2519 uterque
297 2431 337 2494 ah
355 2431 493 2497 Ecclesia
506 2446 735 2510 numerantur,
754 2431 828 2500 licet
840 2445 944 2500 morte
957 2432 1095 2502 violenti
1108 2459 1168 2502 nec

144 2537 251 2626 prior,
270 2559 330 2602 nec
347 2537 504 2626 posterior
515 2551 698 2628 peremptus
710 2540 807 2605 fuisse
820 2538 974 2606 videatur.

186 2641 222 2706 S.
241 2639 407 2717 Clemens,
417 2640 599 2718 Romanus,
613 2643 653 2708 ah
669 2644 737 2733 ipso
749 2641 844 2709 Petro
857 2655 1074 2722 consecratus,
1084 2669 1169 2712 anno

141 2747 346 2838 pontificatus
362 2774 402 2838 9,
427 2749 546 2816 Christi
567 2762 675 2816 autem
698 2775 782 2828 100,
810 2751 1004 2830 defunctus,
1029 2754 1168 2842 primum

140 2853 261 2921 claudit
285 2851 439 2921 seculum.
463 2855 549 2920 Dum
566 2867 735 2945 regnaret,
758 2855 835 2921 furit
849 2869 960 2924 contra
977 2857 1166 2926 christianos

142 2967 159 3024 a
176 2959 361 3027 Domitiano
377 2961 512 3028 excitata
528 2961 630 3049 prima
643 2961 834 3050 persecutio.

614 3142 636 3232 g
660 3141 717 3208 ιιι.

465 3300 619 3370 Ecclesiae
634 3299 836 3371 adversarii.
935 3390 937 3399 Α
1045 3362 1049 3375 ,

184 3460 272 3526 luter
292 3463 413 3553 primos
434 3460 585 3530 Ecclesiae
602 3463 799 3530 aduersarios
819 3463 1009 3530 numerandi
1029 3485 1165 3553 praeser-

137 3564 196 3630 tim
219 3567 353 3660 Pagam'
379 3584 410 3636 et
429 3570 560 3646 ledaei,
585 3593 743 3659 quorum,
773 3575 848 3636 chm
871 3591 995 3635 errores
1018 3569 1167 3636 omnihus

138 3669 209 3734 noti
217 3671 296 3747 sint,
309 3673 350 3737 ad
360 3673 527 3742 haereticos
535 3675 816 3763 schismaticosque
828 3674 935 3740 statim
945 3673 1163 3740 deveniemus.

62 3809 63 3813 ¹
182 3772 369 3842 Viventihus
381 3790 490 3844 autem
502 3779 608 3846 adhhe
621 3779 778 3868 Apostolis
789 3784 807 3844 h
820 3779 953 3845 veritate
966 3777 1042 3844 olim
1057 3775 1169 3866 plures

230 3880 470 3975 TomusVIII.
693 3965 698 3972 ἦ
1035 3909 1051 3950 a
