2942 4568
822 281 959 385 (sss)

374 423 468 492 nibus
485 425 659 494 informare
676 431 863 517 promeruit.
885 431 1029 522 Depositi
1045 431 1213 522 Arnulphi
1231 433 1439 514 Rhemensis

375 533 615 624 Archiepiscopi
647 534 755 600 locum
786 527 871 600 enno
901 541 987 624 99'2,
1010 539 1268 606 conserentibus
1312 541 1429 606 caeteris

373 640 557 726 provinciae⁴
566 640 752 730 Episcopis,
770 644 910 732 suscepit
918 669 941 719 ;.
953 645 1038 734 qnod
1052 651 1135 735 aegre
1148 647 1275 718 serens
1286 695 1301 722 ,
1321 647 1439 724 incon-¹

373 744 475 813 sultus
500 753 537 813 oa
561 747 601 814 do
624 771 658 814 re
687 750 767 814 tanti
791 751 964 828 momenti,
990 752 1131 818 Joannes
1151 753 1220 821 XV
1241 756 1426 844 Episcopos

373 854 427 941 qui
443 853 626 924 themonso
638 851 820 924 Concilium
830 855 1216 944 eelebrsrmantamoris
1232 861 1423 929 interdixit

373 964 631 1048 congregataque
654 966 735 1026 novt
758 959 893 1027 Mosomi
910 961 1059 1050 Synodo,
1086 963 1304 1032 Gerbertum
1326 968 1424 1032 adesso

372 1068 535 1154 praeoepit.
555 1067 612 1133 Ille
629 1079 757 1143 autem,
775 1069 837 1154 spii
850 1069 916 1156 jam
933 1076 1025 1134 antea
1039 1071 1222 1139 interdictis
1249 1076 1439 1163 scripserat

317 1217 324 1230 .
373 1169 560 1259 Episcopis,
577 1171 834 1261 posthabendam
851 1195 919 1238 osse
935 1173 1086 1264 injustam
1106 1178 1231 1240 summi
1254 1177 1420 1243 Pontifici

373 1278 565 1342 sententiam
580 1327 587 1352 ‚
604 1277 1073 1366 eloquenttooneionecnusam
1084 1281 1418 1373 suampropugnaris

373 1380 517 1447 Asseris
533 1383 652 1468 pariter
673 1381 861 1446 interdictus
874 1419 883 1458 ,
898 1401 941 1465 se
964 1389 1128 1470 nunqntm
1151 1371 1305 1474 propter
1331 1385 1419 1476 injus-

372 1498 442 1550 tum
459 1487 618 1573 judicium
635 1487 1199 1577 sacraintermissurumprotestatur
1208 1517 1219 1565 3
1234 1494 1297 1558 vix
1312 1495 1419 1558 adduci

372 1589 494 1678 potuit,
512 1594 547 1654 tit
569 1597 586 1655 a
604 1592 762 1680 mysteriis
779 1609 838 1678 pro
858 1592 947 1680 pacis
979 1585 1066 1658 ltono
1089 1585 1292 1681 aliquanditt
1335 1598 1420 1662 absti-

374 1699 478 1760 neret.
493 1694 543 1760 ad
559 1684 1058 1762 RhemenseConcilium'r'urstrs
1074 1714 1160 1760 anno
1179 1701 1251 1784 998
1273 1713 1418 1774 vocatus,

373 1799 526 1866 interesse
542 1799 711 1876 recusavit,
721 1800 934 1888 restitutoque
944 1793 1124 1890 Arnulpho',
1136 1797 1176 1866 ad
1187 1799 1375 1870 Othonem
1386 1807 1419 1870 lll

331 1925 333 1932 ’
373 1903 995 1999 contegit,qetillumadRavennensem
1006 1907 1238 1998 Episcopatum
1250 1917 1417 2000 provexit,-

313 2083 316 2090 ,
373 2014 479 2088 ands,
500 2020 626 2078 mortuo
657 2007 811 2100 Gregorio
836 2013 864 2079 V
890 2011 1022 2078 Joannis
1045 2010 1107 2080 XV
1139 2037 1363 2095 successore,
1389 2017 1417 2082 ad

373 2139 536 2186 summurn
555 2113 782 2208 Pontificatum
803 2137 887 2201 anno
903 2139 968 2207 999
985 2131 1166 2210 assumptus
1183 2133 1246 2188 est.

419 2227 504 2292 Hine
520 2223 694 2290 Gerbertos
710 2239 858 2314 suscepto
874 2220 1028 2314 Sylvestrl
1053 2223 1201 2304 nomine,
1222 2239 1414 2318 mutastique

371 2336 508 2422 'prorstrs
525 2330 679 2418 sententis
692 2328 931 2405 ‚Pontificalem
947 2331 1185 2406 auctoritatem,
1203 2349 1313 2419 qnam
1332 2341 1413 2399 antes

374 2437 527 2503 endncids
551 2437 779 2524 depresserat,
808 2436 960 2504 extollere
975 2440 1090 2505 satids²
1101 2438 1190 2504 duxit
1203 2463 1213 2512 3
1244 2440 1309 2506 sed
1339 2443 1412 2530 injo-

373 2545 428 2610 riae
445 2549 596 2612 caeterdm
618 2546 788 2610 immemor
810 2543 1015 2632 Arnulphum
1032 2547 1065 2610 in
1082 2545 1259 2611 Rhomensi
1284 2548 1412 2614 Archio-

374 2653 544 2741 pisoopatu
558 2650 769 2718 confirmavit.
784 2649 993 2720 Pontificntiss
1003 2651 1126 2738 apicem
1136 2643 1409 2738 sapienter'tenuit

326 2819 328 2825 ,
376 2781 477 2845 usque
489 2757 528 2822 ad
546 2781 666 2822 annum
688 2758 791 2832 1005,
809 2779 872 2844 quo
889 2756 930 2820 ad
944 2749 1119 2824 Dominum
1135 2755 1314 2824 translatus
1332 2775 1387 2826 est.

424 2861 537 2928 Nullus
553 2862 616 2928 hoc
632 2875 775 2950 tompore
792 2861 950 2929 Gerberto
958 2863 1211 2939 doctiorevesit‚
1229 2869 1404 2953 praesertim

376 2973 409 3036 in
424 2971 564 3060 profanis
581 2967 764 3057 disciplinis.
780 2967 987 3045 Rhetorices,
1005 2971 1246 3046 Arithmeticae‚
1264 2972 1405 3040 Geome-

292 3083 294 3090 ‘
376 3076 510 3164 trisque
532 3085 723 3141 traetstnsa
744 3095 778 3139 se
805 3076 1027 3164 conscriptos,
1052 3077 1299 3164 confectamque
1316 3079 1403 3167 sphe-

376 3201 445 3252 ram
465 3186 533 3274 ipse
555 3195 701 3249 testator.
725 3177 971 3272 Horologio'rnm
998 3190 1015 3247 a
1038 3183 1235 3278 'quibusdam
1258 3185 1402 3250 inventor

375 3287 571 3383 praediootur
580 3342 589 3367 ,
599 3307 736 3378 quornm
745 3308 845 3355 unum
858 3274 1064 3380 Magdoburgi
1078 3289 1302 3356 constructum
1314 3293 1399 3381 juxta

376 3401 494 3493 polaris
517 3397 640 3476 stellae,
663 3419 759 3488 quam
783 3398 945 3466 mediante
960 3399 1038 3464 tubo
1055 3399 1311 3488 introspiciebat,
1329 3423 1399 3489 pro·

376 3528 519 3596 gressum
548 3505 671 3570 direxit.
700 3502 785 3570 Hinc
810 3513 920 3594 meges
948 3505 1057 3570 audire
1088 3504 1202 3594 cepit:
1230 3505 1307 3572 hinc
1335 3519 1396 3570 orta

377 3612 482 3699 adepti
494 3633 553 3700 per
568 3619 699 3698 paetum
712 3629 787 3674 eum
800 3607 1051 3675 dieboloinitnm
1064 3609 1268 3684 Pontificatfls
1281 3607 1393 3685 fabula,

377 3736 447 3806 qnae
470 3723 487 3780 s
504 3715 734 3782 recentioribus
754 3713 911 3782 haeteticis
928 3714 1052 3783 facilins
1068 3715 1202 3781 admissa
1219 3721 1236 3780 ὲ
1255 3714 1396 3780 Gretsero

304 3877 307 3880 .
378 3819 492 3889 melitis
511 3821 708 3889 confutatur.
730 3820 844 3910 Msgnd
866 3823 939 3888 ttrm
970 3821 1055 3910 apud
1078 3821 1308 3911 Imperatores,
1332 3827 1404 3885 tnn-
