2960 4592
552 394 564 476 t
591 391 689 479 ηδ’)

101 535 205 590 naret.
229 518 319 592 Prius
334 540 442 594 autem
458 525 550 594 labor
563 551 628 595 non
651 525 768 602 deluit;
792 549 858 592 non
873 525 1044 594 doluerunt
1059 526 1129 591 vitae

101 627 266 715 pericula‘3
285 631 405 720 proprii
421 651 486 698 non
506 625 606 699 deluit
628 631 789 728 sanguinis
811 628 944 704 ell‘usio;
971 629 1129 718 lapidibus

101 733 146 799 ah
159 735 263 825 impiis
287 737 457 827 aliquando
474 737 656 817 lacessitus,
678 751 817 806 mortem
834 738 924 804 obire
940 761 999 827 pro
1020 759 1132 826 perse-

103 837 272 928 quentium
294 841 395 911 salute
412 842 530 910 Christi
554 843 703 912 sacerdos
725 863 790 910 non
815 843 940 918 timuit;
962 843 1010 909 sic
1031 841 1133 908 bontra

102 944 222 1012 Pastor
237 948 390 1014 animam
404 971 500 1015 auum
519 950 578 1016 dat
590 973 653 1039 pro
671 949 789 1016 ovibus
803 949 884 1015 suis.

146 1051 322 1122 Antiochiae
338 1055 454 1135 etiam,
471 1079 537 1122 uon
559 1056 644 1123 ultro
661 1056 810 1146 quidem,
830 1055 887 1122 sed
903 1061 921 1122 a
937 1053 1130 1124 Patriarchis

100 1168 251 1232 vocatus,
276 1181 381 1225 sacras
402 1155 468 1224 nou
490 1160 558 1225 sine
581 1159 726 1226 omnium
748 1157 862 1248 plausu
885 1151 1059 1225 conciones
1075 1157 1129 1224 ha·
1247 1167 1250 1176 ’

97 1262 179 1329 huit.
195 1261 298 1331 Rarus
313 1277 402 1332 extra
418 1265 601 1344 diocesim,
616 1289 746 1360 semper
757 1279 865 1333 autem
877 1265 1053 1352 commissae
1069 1263 1133 1332 sibi·

98 1367 202 1458 plebis
221 1371 368 1462 regimini
387 1373 548 1451 intentus,
566 1380 584 1440 a
609 1379 671 1463 qua
693 1373 791 1440 veluti
813 1383 904 1462 pater
925 1369 1127 1462 diligebatur.

98 1473 200 1542 Nullae
218 1484 359 1566 uuquam
375 1476 445 1547 lites
462 1505 472 1554 ;
500 1478 580 1548 nihil
600 1491 733 1572 propter
754 1477 842 1568 quod
865 1479 899 1546 iu
922 1501 1049 1546 causam
1072 1501 1129 1568 pe-

94 1591 237 1657 teretur3
256 1582 336 1651 nihil
351 1585 520 1675 quodipse
535 1597 718 1676 repeteret:
735 1583 831 1652 nulle
845 1589 975 1674 prorahs
990 1583 1128 1661 divitie,

94 1684 158 1751 nisi
174 1685 333 1776 simplices
348 1687 410 1756 illae
425 1690 542 1778 quihus
553 1689 748 1757 induebatur
762 1700 885 1763 vestem
899 1711 1042 1755 munera
1057 1713 1130 1779 quaa

97 1790 286 1880 sapientum
307 1813 475 1862 eaecoecant
490 1797 597 1863 oculus
617 1819 679 1863 nec
695 1793 820 1883 accepit
834 1791 1020 1884 ipsemecla
1032 1795 1130 1861 serris

97 1897 210 1986 accepi
228 1905 369 1988 unqutm
384 1923 495 1989 passus
511 1899 569 1966 est.
598 1896 732 1966 sobrius
749 1899 782 1965 iu
804 1899 912 1975 victu,
928 1903 1001 1989 quae‘
1014 1919 1127 1987 super·
1229 1889 1235 1908 '

97 2014 192 2069 erant
205 2003 402 2094 pauperihus
419 2005 591 2097 erogabat,
614 2001 664 2072 vel
685 2004 908 2074 construendis
930 2003 1002 2070 urhi
1017 2027 1129 2072 neces-

98 2107 188 2174 sariis
199 2108 566 2200 impendebataediliciis.
584 2111 638 2178 Sic
653 2103 760 2202 plures
775 2111 939 2201 porticus,
956 2111 1002 2178 sic
1014 2109 1135 2200 pontes'

97 2211 269 2288 duos,'eic
290 2209 421 2301 publica
444 2212 580 2291 balnea,
602 2217 648 2282 sic
671 2228 795 2282 vastum
819 2214 1060 2305 aquaeductum,
1080 2213 1131 2282 vel
1240 2225 1243 2244 '

100 2315 223 2392 extrui,
257 2314 306 2382 vel
326 2318 497 2410 restaurari
513 2319 647 2386 curavit.
668 2317 818 2410 Optimus
834 2325 911 2410 erge
934 2319 1029 2395 ciris,
1046 2317 1130 2386 sicut

97 2431 130 2486 et
141 2425 255 2509 pastor
270 2409 410 2509 optimus
427 2421 510 2487 intra
526 2421 670 2489 dioeeesis
686 2409 766 2488 fines
778 2421 881 2488 extitit
892 2420 1125 2489 Theodoretns.

130 2526 203 2594 Π.ο
218 2523 392 2594 Videamus
412 2540 521 2594 autem
543 2549 613 2617 quae
634 2527 674 2594 ad
693 2549 823 2620 magnas
845 2524 994 2594 Ecclesiae
1017 2549 1129 2594 causas

100 2630 239 2697 attinent
249 2637 258 2708 3
276 2631 302 2696 si
321 2632 484 2722 quomodo
506 2655 565 2722 per
587 2631 858 2701 intricatissimam
873 2629 957 2698 illius
975 2633 1129 2721 temporis

101 2737 268 2802 historiam
284 2738 423 2805 sinceras
445 2730 528 2806 illiue
545 2739 752 2830 cogitationes
768 2731 1008 2827 deprehendere
1023 2735 1130 2804 valea-

98 2865 180 2910 mus.
193 2841 698 2934 Nestoriofamiliariorfquemab
706 2845 838 2912 inlantit
848 2841 1014 2922 dilexerat,
1023 2845 1128 2936 cujus
1221 2919 1225 2928 ,

101 2969 164 3036 que
180 2949 390 3017 austeriorem
405 2951 531 3017 vivendi
548 2951 682 3018 modum
697 2950 875 3020 necessarii
890 2948 1030 3038 quddam
1045 2941 1131 3018 eriis·

100 3052 267 3120 timatione
283 3055 559 3144 prosequebatur3
573 3063 646 3148 erga
665 3053 820 3146 Cyrillum
836 3067 963 3134 autem,
975 3063 1129 3145 tanquam
1202 3098 1206 3110 ·

102 3158 293 3232 ardentioris
311 3159 377 3228 'zeli
406 3161 531 3240 virum,
555 3185 620 3230 uon
646 3163 764 3252 injusta
787 3166 922 3256 prorsus
940 3155 1145 3264 ¹suspicione¹
1206 3239 1207 3246 ἵ

99 3280 281 3356 preventus
288 3303 301 3346 ,·
316 3269 370 3359 qui
391 3269 572 3354 inauditum
592 3269 776 3339 Nestorium
791 3273 854 3336 uuai
878 3269 1018 3336 sessione
1032 3282 1065 3335 et
1081 3270 1129 3336 ci-

99 3386 188 3452 tare,
204 3387 237 3440 et
256 3373 421 3464 judicare,
447 3389 480 3443 et
503 3377 718 3450 condemnare
741 3389 984 3466 properaverat;
1006 3375 1073 3442 imo
1096 3387 1129 3442 et

103 3479 175 3557 tlte,
189 3467 373 3570 quanquam
385 3482 484 3560 lalst',
502 3483 693 3575 cogitatione
705 3495 1041 3573 praeoccupatusmou
1059 3493 1127 3548 tam

104 3586 422 3676 tGyrilloPersonae
444 3591 600 3676 unitatem
622 3590 737 3666 asserl,
754 3594 851 3677 quam
871 3589 950 3654 duas
971 3587 1126 3655 conlimdi

103 3689 241 3760 Naturas
254 3743 263 3770 ,
278 3693 590 3782 circumstantiarum
602 3694 691 3785 quasi
699 3693 843 3784 pondere
858 3691 1014 3759 deductus
1027 3691 1128 3758 estad

102 3796 212 3876 illam,
226 3821 296 3887 quae
311 3797 465 3887 nonnulli
473 3799 595 3891 indiget
609 3801 813 3869 excusatione
824 3797 938 3888 agendi
956 3797 1125 3874 rationem3

101 3903 180 3974 hinc
195 3903 366 4000 duodecim
382 3905 666 3974 anathematismos
688 3916 800 3974 contra
818 3903 955 3974 Nestorii
970 3925 1094 3970 errores
1109 3910 1126 3976 d.
