2990 4570
580 287 719 374 (²³¹)

134 423 264 500 nasim,
287 423 403 490 deinde
423 435 548 491 contra.
564 423 733 508 dnomaeos
759 423 944 514 trusosque
965 425 1164 499 conciones,

134 527 257 617 quibus·
274 531 464 598 intermixtas
488 531 619 598 fuerunt
637 533 671 596 in
691 531 750 598 SS.
775 531 940 599 Meletium
959 545 991 598 ct
1013 530 1166 622 Philogo-

134 635 228 702 nium
244 637 405 716 homiliae,
422 661 550 706 necnon
571 639 611 705 de
629 637 732 706 Natali
747 640 834 706 etde
849 639 1164 731 BaptismoGhristi,

135 763 213 807 cum
225 739 293 808 aliis
310 743 512 834 quibusdam.
532 742 594 812 Vix
610 767 691 810 unus
706 744 756 811 vel
771 745 852 813 alter
867 770 969 814 annus
981 746 1162 818 effluxerat,

136 851 233 923 cunr,
250 861 437 939 exasperato
449 850 645 938 imperatore
661 849 843 918 Theodosio
859 863 992 942 propter
1007 873 1166 918 memora-

82 1028 85 1033 ·
130 950 235 1018 bilem
262 951 349 1020 illam
374 954 649 1023 Antiochensi-um
671 956 884 1034 seditionem,
908 957 1112 1046 dejectasque
1135 967 1169 1023 et

135 1069 277 1148 reptatas
300 1083 359 1148 per
378 1061 494 1128 urbem
518 1073 657 1139 statues,
683 1061 789 1153 ampla
808 1063 913 1154 patuit
934 1062 1166 1152 Chrysostomc

134 1174 246 1229 nostro
270 1164 311 1230 ad
337 1165 527 1235 conclouadi
551 1167 737 1235 facultatem
761 1168 991 1236 exercendam*
1001 1169 1163 1237 materies.

135 1265 346 1338 Antiochenis
365 1272 485 1362 quippe
503 1273 586 1339 inter
606 1295 696 1363 spem
713 1286 746 1340 ct
765 1287 890 1341 metum
913 1274 1165 1352 fluctuantibus,

136 1375 216 1453 dum
234 1380 403 1468 repentini·
417 1403 508 1473 casus
537 1405 654 1449 novam
680 1383 996 1474 inexspectatemque
1024 1383 1167 1472 quotidie

135 1482 188 1549 vel
204 1486 354 1574 sperandi
369 1484 421 1552 vel
436 1487 569 1554 timendi
582 1511 712 1556 causam
728 1488 898 1568 offerrent,
915 1491 1089 1580 imparatus
1100 1487 1167 1555 fere
1243 1501 1246 1508 ’

134 1611 263 1681 semper
279 1591 548 1681 chrysostomus,
565 1605 662 1682 prout
679 1617 729 1660 res
744 1617 813 1661 sese
829 1596 949 1664 debant
965 1594 1084 1685 stylum
1099 1617 1167 1664 rer-

135 1705 205 1762 tere
231 1709 381 1775 coactus,
400 1704 483 1790 saepe
505 1723 545 1766 cx
566 1711 713 1790 tempore
730 1699 800 1766 illas
823 1699 1033 1794 admiratione
1057 1701 1167 1792 dignas

134 1800 297 1868 orationes
311 1805 562 1892 pronuntiabat,
579 1805 676 1870 modo
692 1805 774 1870 utin
790 1803 972 1871 calamitate
986 1817 1168 1874 remantem

132 1906 292 1998 populum
314 1909 556 1990 consolaretur,
582 1911 679 1978 modo
696 1923 732 1977 ut
751 1911 873 1978 fructos
892 1909 1026 2001 periculi
1041 1911 1168 2000 magni-

134 2013 249 2080 tudine
268 2015 392 2083 animos
415 2015 642 2094 confirmaret,
666 2022 736 2082 ttrm
757 2017 918 2106 praecipue
939 2029 975 2082 ut
999 2015 1168 2084 occasione

93 2209 101 2216 „
134 2124 375 2193 imminentium
397 2125 557 2194 malorum
578 2124 795 2194 Antiochenos
818 2123 858 2191 ad
880 2125 956 2194 vitia
977 2122 1167 2215 corrigenda

10 2222 85 2291 W
135 2242 167 2297 ct
182 2253 290 2298 mores
306 2233 548 2322 componendos
568 2234 770 2300 monitorum
785 2233 962 2322 frequentia
979 2231 1163 2299 deduceret.

134 2337 238 2406 Nemo
248 2343 297 2406 e'st
308 2352 418 2406 autem
429 2339 484 2432 qui
496 2340 637 2416 nesciat,
650 2345 750 2430 quam
762 2337 912 2406 terribilis
924 2338 1030 2405 divine
1042 2335 1168 2404 intonet

111 2437 113 2441 ¹
133 2443 275 2534 judicia,
291 2451 388 2540 quim
404 2444 482 2513 leuis
500 2445 641 2536 dejectas
658 2458 782 2514 mentes
798 2445 918 2535 erigat,
936 2451 1033 2534 quarn
1051 2441 1166 2510 flebilis
1280 2447 1283 2454 “

134 2549 338 2620 detestandos
356 2566 526 2644 exaggeret
541 2577 684 2630 errores,
700 2557 794 2641 quam
813 2549 968 2618 mirabilis
985 2548 1115 2617 tandem
1135 2557 1169 2614 et

130 2653 294 2756 precantis
306 2657 554 2748 supplicationes
565 2657 739 2748 pontilicis,
756 2669 788 2722 ct
803 2656 1016 2723 condonantis
1029 2653 1168 2722 clemen·

135 2761 216 2828 tiam
233 2764 387 2853 principis
404 2765 623 2832 commendet.

179 2865 242 2933 Per
253 2867 532 2936 duodecimannos
542 2881 579 2936 to
617 2865 1011 2958 spraedicationismuneri
1024 2864 1163 2940 deditus,

133 2993 249 3040 omncs
259 2972 349 3053 illas,
362 2997 433 3066 quac
445 2997 533 3042 nunc
543 2985 669 3040 exstant
678 3025 687 3051 ,
696 2974 875 3043 successive
886 2973 991 3040 emisit
1002 2969 1166 3046 homilias,

131 3103 271 3168 quarum
286 3080 356 3149 eliae
373 3083 476 3150 varios
488 3105 585 3150 sacrae
599 3082 772 3172 Scriptura
788 3080 904 3159 libros,
918 3080 999 3146 datis
1011 3080 1167 3168 iuterpre-

131 3187 329 3265 tationibus,
353 3187 558 3278 explicandos
580 3187 777 3276 suscipiunt,
800 3183 905 3277 qualia
920 3198 994 3253 sunt
1015 3183 1167 3275 praeclara

130 3290 185 3359 illa
199 3293 232 3358 in
246 3291 420 3374 Genesim,
437 3295 470 3360 in
487 3292 649 3373 Psalmcs,
667 3294 701 3360 in
712 3293 746 3359 S.
763 3292 916 3390 Paulum,
934 3305 966 3358 et
980 3292 1118 3360 maxime
1134 3291 1172 3356 in

130 3399 320 3468 Matthaeum
343 3403 595 3478 commentaria·;
625 3401 694 3468 aliae
717 3407 792 3468 vero
819 3401 869 3468 vel
891 3401 932 3468 ad
957 3398 1166 3466 debellandos

131 3505 293 3586 Gentiles,
316 3507 367 3576 vel
382 3509 424 3575 ad
443 3508 631 3576 stabiliendo
655 3507 740 3575 fidei,
752 3508 925 3596 mysteria,
942 3505 992 3573 vel
1013 3503 1055 3572 ad
1075 3526 1174 3571 com-

130 3612 350 3680 mendandam
363 3613 610 3704 poenitentiam,
630 3613 680 3682 vcl
700 3613 740 3680 ad
759 3611 954 3702 extollendap
975 3609 1169 3677 Sanctorum

128 3721 264 3788 virtutes
280 3719 471 3812 diriguntur
935 3727 938 3734 '
1172 3789 1174 3794 .

174 3825 336 3898 Defuncto
358 3830 444 3898 circa
457 3853 590 3911 ,anuum
615 3831 678 3919 398
700 3827 869 3907 Nectario,
895 3824 1167 3913 Chrysostomus,
