2956 4586
820 295 935 382 (64)

353 429 449 497 etihm
461 430 585 496 Virum
592 430 819 520 Apostolicum
831 427 981 519 appellat.
993 427 1027 494 S.
1037 425 1175 501 Basilius
1185 425 1318 515 Magnus
1331 425 1377 512 ip·

353 535 418 600 sius
442 535 632 603 auctoritate
654 556 713 622 pro
736 533 905 600 asserenda
925 533 1064 622 Spiritus
1082 531 1191 600 Sancti
1208 530 1374 598 divinitate

354 650 498 705 ususest.
521 637 622 724 (Lib.
641 640 783 729 chpir.
797 641 912 706 Suoct.
932 663 959 706 c.
980 641 1048 727 ap.)

385 742 612 810 namneus.
639 742 834 832 Augustinus
856 749 967 812 contra
992 741 1177 832 Pelagianos
1206 739 1375 816 adhibuit,

354 848 409 936 qui
425 849 521 915 etiam
537 849 693 916 lrenaeum
710 851 887 936 animuum
902 849 1072 914 bominem
1083 849 1147 916 Dei
1160 846 1375 934 cognominat.

358 955 500 1042 (contra
513 955 585 1021 lut.
610 954 667 1021 lib.
690 978 765 1022 1.c.
787 955 841 1042 ὅ.)
865 955 923 1020 His
947 954 1078 1044 adjungi
1096 963 1229 1042 possunt
1251 951 1285 1020 S.
1306 949 1379 1016 Cle·

354 1077 446 1130 mens
462 1061 697 1130 Alexandrinus
712 1062 799 1152 apud
814 1061 1008 1137 Eusebium,
1025 1062 1036 1148 (
1053 1061 1142 1128 Hirr.
1155 1060 1213 1126 lib.
1223 1059 1254 1124 6.
1267 1083 1294 1124 c.
1310 1059 1375 1146 15.)

356 1183 389 1237 ot
405 1169 437 1236 S.
466 1167 604 1258 Cyrillus
622 1167 952 1256 Hierosolymitnnus,
972 1169 984 1255 (
1003 1167 1099 1234 cul.
1124 1167 1190 1254 ιθ.)
1208 1166 1263 1254 qui
1278 1164 1380 1230 hono·

356 1275 492 1343 rabilem
509 1275 550 1342 de
561 1274 616 1340 illo
630 1273 825 1340 montionem
842 1274 974 1341 faciunt.
1238 1355 1242 1362 .

323 1369 324 1372 ‘
400 1380 623 1452 moror-uus
647 1377 739 1444 uum
761 1378 838 1445 uico
864 1379 976 1444 summ
998 1378 1254 1446 octonarum
1271 1378 1381 1444 caru

357 1513 446 1556 rum.
455 1489 601 1580 (Diulcg.
611 1489 655 1575 r.)
668 1487 759 1554 Undb
774 1509 840 1552 non
851 1485 1011 1554 immerito
1023 1487 1180 1554 lrenaeum
1196 1488 1281 1554 inter
1294 1488 1382 1553 uiros

358 1596 533 1661 sanctitate
547 1610 578 1660 ct
588 1593 785 1684 praestantia
801 1593 970 1682 insigues,
992 1595 1047 1681 qui
1068 1593 1203 1660 hareses
1218 1605 1382 1660 noscentes
1447 1639 1448 1648 .

359 1700 569 1777 retuderunt,
581 1711 730 1766 numerat
742 1697 978 1775 Tertullianus,
991 1701 1294 1788 eumqueomoium
1309 1699 1382 1764 doc-

361 1807 532 1872 triocrum
559 1805 821 1872 curiosissimum
847 1804 1090 1896 exploratorem
1116 1803 1264 1892 appellat.
1296 1803 1380 1891 (lib.

360 1910 476 1976 adver.
497 1911 529 1973 V
529 1910 691 1996 alentio.)
718 1912 759 1974 Et
774 1931 810 1974 re
829 1908 960 1998 quidem
977 1913 1050 1974 veri
1067 1908 1153 1976 huno
1172 1909 1306 1974 beatum
1328 1931 1383 1974 an-

360 2013 496 2079 tistitem
511 2037 616 2080 sacras
631 2025 664 2079 et
685 2013 833 2102 profanas
850 2013 969 2102 optime
990 2013 1139 2080 scientias
1154 2012 1324 2090 calluisse,
1347 2037 1384 2078 ex

364 2119 462 2210 ipsius
481 2141 615 2208 operum
643 2116 783 2184 lectione
805 2118 897 2184 facile
918 2119 1051 2208 quisquc
1073 2117 1239 2186 advertere
1258 2132 1384 2208 potest,
1447 2161 1448 2210 1

262 2240 265 2246 ’
365 2223 509 2310 quamvis
532 2221 711 2313 simplicem
729 2222 889 2290 scribendi
912 2223 1046 2289 modum
1064 2235 1098 2289 et
1112 2226 1200 2292 omni
1215 2225 1385 2292 vorborum

366 2337 482 2392 ornatu
498 2324 688 2394 destitutum
700 2351 734 2394 sc
752 2326 933 2418 amplexum
948 2328 1045 2394 fuisse
1060 2329 1146 2396 dicat
1161 2330 1193 2396 in
1205 2329 1386 2419 prefatione

367 2432 408 2497 ad
423 2430 519 2497 libros
535 2446 648 2510 contra
663 2433 809 2499 haereses.

239 2582 244 2589 -
307 2615 314 2636 x
409 2537 480 2604 Hoc
495 2563 595 2606 unum
619 2539 664 2607 illi
680 2521 940 2630 exprbbrandum
956 2541 1115 2614 occurrit,
1137 2541 1224 2629 quod
1242 2538 1388 2606 malein-

367 2657 542 2732 terpretato
559 2647 768 2738 Apocalypsis
791 2659 879 2714 textu
904 2647 992 2714 mille
1013 2639 1172 2714 annonu‘m
1197 2645 1313 2715 fabulae
1340 2647 1388 2712 ni-

367 2748 469 2814 mium
484 2751 637 2817 credulus
653 2753 833 2828 adhaeserit,
843 2751 1071 2818 undePhotius
1082 2753 1388 2818 Ecclesiasticcrum

369 2852 564 2942 dogosatum
580 2871 705 2920 certam
715 2858 891 2922 ceritatem
902 2859 1027 2944 spuriis
1037 2855 1225 2922 rationibus
1236 2857 1350 2944 fucari
1360 2855 1389 2920 in

369 2959 530 3049 aliquibus
546 2961 675 3037 asserit,
697 2961 791 3049 (Coei.
816 2963 905 3049 iao.)
923 2963 1118 3051 quiquidem
1134 2986 1224 3028 error
1245 2961 1387 3029 nondum

374 3070 415 3134 ab
428 3065 569 3134 Ecclesii
579 3067 795 3157 proscriptus,
811 3067 1003 3156 interrogati
1014 3069 1102 3158 juxti
1115 3069 1227 3136 Irenaei
1238 3067 1390 3158 placitum

370 3155 547 3241 triditionc
561 3222 570 3249 ‚
587 3179 696 3260 postea
709 3171 897 3260 reprobatus
909 3185 968 3239 est.

320 3362 322 3367 Ι
416 3279 529 3345 Graeoe
544 3280 731 3368 scripserat,
752 3301 816 3344 non
838 3277 959 3356 latine,
982 3277 1057 3346 licat
1072 3280 1183 3370 graecis
1203 3279 1311 3368 quoad
1326 3301 1392 3344 ma-

371 3409 468 3476 gnam
488 3398 614 3474 partem
632 3408 799 3452 careamus
814 3397 930 3473 practer
945 3409 982 3452 ea
999 3409 1068 3474 quae
1088 3385 1121 3451 S.
1146 3383 1344 3474 Epiphanius
1358 3406 1393 3448 ex

371 3489 454 3558 libro
470 3493 573 3582 primo
585 3493 738 3568 servavit,
758 3503 790 3558 et
804 3514 874 3582 quae
890 3491 1018 3559 aliunde
1034 3493 1093 3560 viri
1108 3491 1195 3560 docti
1206 3501 1371 3557 eruerunt.
