2940 4570
531 344 666 432 (ιιι)

97 509 110 540 ι
126 478 257 566 Magnus
272 479 398 568 ‚inquit
416 530 426 555 ,
441 491 549 544 orator
561 477 795 566 Cyprianus...
805 477 931 564 (Traet.
951 479 987 540 in
999 467 1116 562 loon.)

88 614 103 646 ιι
137 584 230 669 cujus
246 581 373 649 landem
395 585 548 674 consequi
568 605 633 648 non
657 581 746 648 valeo
763 577 775 659 ,¹
790 584 884 670 c'ujus
902 577 1009 646 multis
1032 578 1119 645 litte·
1199 659 1203 666 ι

91 720 104 752 ι
137 691 180 756 ris
204 714 275 756 mea
300 691 417 780 scripta
440 715 505 756 non
525 713 695 782 comparo,
714 681 807 780 cujus
823 689 984 778 ingenium
1000 686 1118 778 diligo,

92 827 106 858 ι
139 798 235 886 cujus
243 821 298 863 ore
311 797 491 864 delector.»
516 798 651 886 (Epist.
675 821 701 862 1.
722 813 840 864 contro
854 796 1017 874 Crucem.
1037 796 1087 861 52.
1106 795 1118 886 )

140 903 249 991 Neque
270 909 345 968 sane
369 903 548 992 displicebit
561 902 687 968 Maximi
699 897 905 968 'laurinensis
919 952 928 977 ,
947 910 978 966 et
992 899 1117 966 Cassio-

92 1007 165 1072 dori
181 1007 221 1072 de
236 1007 350 1072 eodem
371 1008 532 1097 Cypriano
555 1003 713 1095 judi'cium
731 1007 865 1084 audire,
891 1007 983 1096 cujus
1003 1005 1090 1098 prior
1109 1029 1116 1070 :

98 1140 113 1173 ι
137 1113 229 1190 Fuit,
246 1115 368 1202 inquit,
382 1115 414 1180 in
430 1113 611 1204 Cypriano,
630 1115 713 1181 sicut
732 1111 932 1204 compertum
950 1113 1120 1190 babemus,
1145 1187 1150 1200 ¹

90 1247 104 1279 ι
135 1229 168 1283 et
179 1231 293 1284 contra
306 1243 430 1285 errores
442 1219 561 1286 diaboli
574 1270 583 1297 ,
601 1218 749 1310 spiritalis
761 1220 922 1310 sapientie
933 1217 1117 1320 plenitudoy

89 1355 102 1387 ι
135 1337 168 1391 et
184 1325 611 1415 adversemperseoutiones
627 1325 765 1402 mundi,
790 1326 960 1400 Christiani
982 1329 1120 1417 pectoris

90 1463 103 1494 ι
135 1431 340 1522 indefatigata
367 1434 555 1502 constantie.
579 1434 660 1514 Quis
682 1457 747 1500 non
779 1433 964 1524 hujusmodi
988 1433 1119 1518 virum,

90 1569 104 1601 ι
137 1539 266 1628 quantis
282 1538 366 1606 valet
381 1590 389 1617 ,
407 1540 560 1608 encomiis
575 1553 791 1630 prosequatur
802 1590 814 1620 ,
829 1540 922 1628 cujus
938 1537 1120 1629 eloquentie

89 1673 102 1705 ι
135 1645 288 1734 inspirata
316 1643 491 1724 divinitus,
515 1658 548 1712 et
574 1643 734 1712 Ecclesiae
760 1646 895 1722 docuit,
921 1658 954 1712 et
976 1644 1121 1714 seculum

89 1780 102 1812 ι
136 1751 340 1818 confutavit?
360 1751 444 1838 Vere
459 1751 514 1819 hic
525 1752 704 1829 mirabilis,
725 1765 821 1841 atque
839 1753 983 1822 omnium
1001 1753 1121 1842 ubique

88 1886 102 1918 ι
136 1857 248 1924 studiis
263 1854 500 1935 celebrandus,
522 1881 619 1946 quem
631 1858 781 1924 sanctitas
798 1857 1021 1934 sacerdotem,
1038 1860 1122 1948 peri·

87 1993 101 2022 ι
133 1964 177 2034 tio
202 1962 392 2038 doctorem,
418 1962 498 2030 fides
518 1977 694 2053 martyrem
712 1963 923 2032 consecravit.
946 1965 1120 2058 Pretiosa,

87 2099 101 2130 ι
132 2071 237 2159 inquit
249 2069 351 2138 David
365 2121 374 2147 ,
392 2071 535 2158 (Psalm.
545 2095 556 2136 r
567 2073 677 2157 satin
690 2088 861 2162 omuprotu
873 2064 1017 2138 Domini
1030 2095 1121 2140 more

87 2206 101 2238 ι
134 2177 337 2243 Sanctorum
353 2178 434 2264 ojus.¹
443 2177 559 2246 Videte
573 2227 584 2254 ,
597 2177 757 2244 Carissimi
774 2229 782 2256 ,
800 2179 833 2244 in
849 2189 1005 2266 quantum
1021 2201 1119 2246 vene·

90 2310 104 2342 ι
136 2280 246 2347 rabilis
262 2281 442 2371 Cyprianus
465 2284 561 2356 etiam
584 2282 809 2371 propheticom
829 2305 1050 2373 supergressus
1072 2297 1121 2351 est

92 2417 106 2452 ιι
138 2386 267 2454 laudem
282 2407 297 2465 ,·
308 2389 400 2478 cujus
416 2390 449 2457 in
462 2401 637 2478 conspectu
654 2390 803 2467 Domini,
820 2411 885 2454 non
897 2388 1000 2455 soltrm
1016 2411 1118 2467 mors,

92 2521 106 2555 ι
138 2492 195 2558 sed
210 2504 242 2558 et
255 2493 317 2559 tite
330 2493 449 2560 'exstitit
460 2494 608 2583 pretiosa.
626 2493 793 2561 Moriondo
804 2515 943 2584 namque
954 2493 1120 2583 proprium

90 2629 104 2662 ι
139 2600 265 2667 Christo
281 2603 471 2692 sanguinem
493 2601 603 2680 dedit,
621 2603 757 2670 vivendo
781 2599 985 2667 nihilominus
1002 2599 1120 2666 cohor·
1235 2605 1237 2610 '

91 2738 105 2772 ι
136 2709 257 2774 tatione
273 2708 443 2775 fortissime
462 2710 648 2778 innumeros
665 2709 748 2776 ooelo
765 2722 921 2798 martyres
939 2707 1115 2796 acquisivit.

90 2844 104 2876 ι
138 2813 227 2893 Quid
242 2813 303 2880 boc
319 2813 437 2886 elarius
454 2806 642 2892 sacerdote,
660 2815 715 2906 qui
727 2813 992 2881 interbominum
1008 2814 1119 2879 turbas

92 2949 105 2980 ι
138 2917 239 3008 glorie
256 2918 392 2988 caelestis
408 2923 657 2988 conversationis
673 2922 823 2999 emicuit,
840 2933 935 3008 atque
952 2921 1035 2986 inter
1052 2918 1120 2988 An-

91 3054 105 3087 s
138 3017 257 3114 gelioos
272 3043 373 3092 eoetus
386 3040 418 3093 et
433 3035 489 3094 sut
510 3028 612 3095 factus
629 3040 696 3106 est,
713 3040 745 3094 et
765 3026 901 3093 aliorum
918 3039 1022 3092 morte
1038 3051 1120 3094 con-

90 3157 105 3189 ι
137 3128 307 3216 spicum.»
327 3129 536 3198 Cassiodorus
553 3143 662 3202 autem
681 3155 714 3196 :t
730 3130 937 3196 Beatissimus
952 3181 961 3207 ,
979 3130 1042 3207 ait,
1058 3129 1119 3220 Cy·

89 3263 104 3296 ι
136 3236 267 3324 prianus
282 3235 369 3303 velut
389 3236 497 3304 oleum
517 3237 689 3304 decurrens
701 3288 711 3315 ,
723 3239 769 3302 ⁴in
784 3259 914 3303 omnem
929 3238 1117 3304 suavitatem

89 3367 103 3402 ιι
135 3337 244 3428 lingua
257 3342 454 3430 composita,
476 3342 672 3410 declamator
691 3344 821 3432 insignis
833 3392 846 3418 ,
866 3343 1042 3432 doctorque
1058 3343 1117 3408 ad·

88 3472 104 3504 ιι
136 3443 472 3530 mirabilis.'Qnautos
495 3450 582 3514 enim
597 3448 662 3532 ville
685 3449 867 3514 dubitantes
889 3471 953 3514 non
984 3449 1118 3539 pertulit

89 3577 103 3610 ι
136 3547 218 3626 labi,
229 3548 333 3638 lapsos
345 3559 421 3630 vero
433 3553 612 3626 firmissime
625 3556 853 3644 praedicatioue
869 3555 1027 3632 solidavit,
1042 3580 1120 3624 oon·

88 3681 102 3715 ι
135 3653 270 3726 sessores
282 3655 323 3720 ad
333 3661 524 3747 martyrium
536 3661 603 3750 ipse
618 3661 766 3749 perduxit
778 3663 793 3727 i
804 3663 846 3727 Et
858 3683 898 3728 ne
914 3661 1020 3726 minor
1030 3673 1115 3728 esset

87 3791 101 3824 ι
133 3761 415 3851 predicationibus
439 3767 529 3845 suis,
561 3768 628 3857 ipse
653 3775 780 3857 quoque
805 3767 1116 3856 martyricorum,
1149 3821 1152 3826 .

86 3896 100 3931 ι
133 3867 477 3956 Dominopraestante,
504 3872 674 3942 decoratus
689 3887 775 3943 est.»
799 3873 908 3962 (Dic.
933 3874 1002 3940 teos.
1026 3873 1092 3959 19.)
