2960 4592
556 375 693 462 (ὀπὶ)

110 516 222 590 sactus,
237 512 618 603 cumnecessaria'shujus
629 511 727 581 officii
739 509 920 579 exactiones
931 511 1015 604 aegr'e
1024 515 1132 594 ferret,

106 623 194 712 ‘quod
209 622 315 690 animo
331 622 455 690 dudum
471 621 619 690 volvebat
633 621 838 710 relinquendi
854 623 981 702 mundi,
997 623 1135 716 amplec

111 730 277 818 taudaeque
304 729 463 820 religionis
487 729 689 820 propositum
716 742 828 798 sancto
847 729 995 799 Pontifici
1016 732 1136 799 Fausto

111 834 386 924 comprobandum
397 833 553 924 subjecit,
571 833 901 924 comprobatumque,
917 833 1016 902 {lente
1030 836 1136 904 incas-

111 943 179 1006 sirm
187 951 219 1006 ct
227 940 442 1029 exprobrante
451 952 568 1017 matre,
582 941 829 1006 consummavit.
844 938 954 1007 Fausti
965 941 1137 1032 aliquando

112 1045 309 1136 discipulus,
333 1045 389 1116 sed
412 1045 452 1112 ah
474 1046 544 1134 ejus
572 1045 717 1112 doctriua
741 1047 1003 1135 persecutionum
1028 1047 1137 1114 furore

111 1151 198 1220 brevi
209 1151 347 1230 avulsum
360 1152 394 1218 in
406 1149 494 1218 aliud
502 1175 536 1218 se
546 1151 668 1240 recepit
680 1152 925 1229 monasterium,
933 1153 989 1220 ubi
1000 1160 1018 1219 a
1031 1152 1140 1220 Felice

113 1256 235 1324 Abbate
251 1257 285 1322 in
304 1255 434 1346 collegae
449 1254 559 1322 locum
574 1266 814 1344 susceptus-est.
834 1257 1001 1345 Dissipatis
1017 1269 1138 1336 autam,

112 1361 188 1428 dum
201 1362 302 1434 Mauri
315 1351 506 1438 incurrunt,
523 1360 620 1450 hujus
636 1361 822 1428 monasterii
837 1361 975 1440 incolis,
992 1362 1141 1430 Sicceam

114 1470 278 1560 regionem
288 1480 440 1556 tutosque
458 1489 603 1534 recessus
618 1486 761 1555 quaererc
777 1467 1010 1547 decreverunt,
1027 1471 1084 1536 sed
1100 1467 1141 1536 ab

114 1575 231 1642 Ariane
241 1573 406 1643 sacerdote
416 1574 521 1663 capti,
534 1573 608 1638 etin
621 1595 787 1638 carcerem
798 1571 938 1650 detrusi,
952 1588 985 1642 et
999 1575 1143 1643 verberi-

50 1709 55 1715 ’
91 1682 173 1758 ,bus
195 1681 330 1757 afflicti,
354 1699 420 1746 uon
449 1678 509 1746 uisi
532 1675 691 1744 dilaniatis
722 1677 934 1748 membrisin
961 1681 1144 1749 libertatem

115 1785 270 1854 exierunt.
327 1849 330 1858 ,
627 1847 630 1852 ,
1057 1776 1058 1784 ¹

108 1947 112 1952 .
128 1893 131 1903 '
156 1891 242 1956 Hinc
255 1889 428 1978 AEgyptum
439 1901 549 1978 petere
565 1881 734 1954 contendit
750 1888 938 1978 Fulgentius
950 1919 962 1968 ,·
976 1867 1145 1958 ut'm'onae

115 1995 252 2062 chorum
278 1993 429 2084 exemplo
458 1993 652 2082 proficerem
686 1994 743 2076 sed
768 1995 958 2062 exhortante
986 1998 1146 2088 Episcopo

115 2096 393 2190 Syracusanorum
408 2097 553 2177 Eulalio,
566 2098 606 2164 ab
619 2099 734 2166 itinere
750 2099 825 2166 ideo'
839 2101 1043 2190 prohibetur,
1060 2103 1148 2194 quod

115 2208 256 2274 Orientis
267 2207 418 2274 monachi
430 2207 649 2274 communioni
661 2207 815 2292 Romanae
827 2209 1144 2294 alienih'aherentur,
1235 2221 1237 2228 '

115 2312 463 2404 consilioque-accepto
472 2315 512 2378 ab
525 2313 641 2380 Africae
652 2315 814 2404 Episcopo
825 2317 859 2380 in
872 2317 981 2382 sicilia
994 2319 1146 2409 degente,

116 2421 248 2488 visitatis
263 2419 374 2486 Romae
390 2417 618 2509 Apostolorum
631 2415 814 2496 liminibus,-
830 2422 968 2508 patriam
979 2427 1145 2500 remeavit4

116 2527 173 2592 ubi
187 2537 220 2593 et
237 2526 414 2594 construxit
432 2524 675 2593 monasterium·

107 2681 111 2688 -
162 2631 278 2699 Africae
294 2644 372 2706 tuuc
388 2643 522 2720 praeerat
544 2628 802 2696 Thrasimuudus·
811 2672 821 2708 ,-
836 2653 893 2698 rex
907 2633 1146 2713 Vandalor‘um,

114 2739 171 2829 qui
187 2739 570 2828 AriauusGatholicisque
586 2739 750 2815 infensus,
768 2761 810 2804 ne
828 2739 986 2808 Catholici
998 2743 1151 2833 Episcopi

117 2835 343 2910 decedentium
359 2840 432 2910 loco
444 2843 728 2918 substituerentur,
745 2841 818 2907 data
828 2842 911 2933 lege,
924 2847 1146 2935 prohibuerat.

116 2946 204 3012 Glrm
217 2952 292 3012 vero
309 2947 451 3014 Africani
467 2947 638 3036 Episcopi,
654 2947 753 3013 invito
772 2947 918 3038 principa
933 3000 942 3026 ,
960 2951 1149 3045 Episcopos,

115 3067 154 3120 ut
169 3077 228 3144 par
243 3067 332 3132 erat,
348 3053 543 3122 constituere
559 3054 799 3130 decrevissent,
814 3080 879 3122 non
892 3063 1149 3156 persecutionis,

114 3157 176 3224 sed
191 3156 286 3223 officii
302 3169 392 3224 metu
403 3155 571 3246 perculsus
584 3157 712 3224 delituit
724 3158 932 3248 Fulgentius,
943 3163 1153 3256 quoadusque

115 3285 230 3358 omnes
255 3275 519 3329 consecrarentur
551 3265 710 3354 Episcopi.
737 3265 798 3330 Vix
818 3279 931 3334 autem
958 3295 997 3336 ex
1023 3271 1152 3352 latebris
1248 3323 1250 3332 ,

115 3370 257 3446 exierat,
277 3374 374 3447 cum,
390 3381 525 3436 vacante
540 3369 697 3461 Ruspeusi
724 3374 939 3464 Episcopatu,
964 3379 1147 3458 Porrtilicali

114 3473 273 3564 dignitate
291 3473 407 3541 frustra
423 3474 585 3542 reluctans
605 3476 775 3544 decoratus
794 3491 842 3542 est
857 3501 942 3546 anuo
962 3483 1036 3550 508.
1081 3507 1084 3514 ’
1123 3549 1127 3568 x

105 3649 109 3656 ,
130 3635 133 3644 ,
163 3575 250 3644 Nihil
265 3592 373 3646 autem
389 3581 423 3646 iu
440 3581 572 3660 habitu,
584 3581 665 3648 nihil
677 3583 711 3649 in
723 3583 810 3648 victu
822 3585 1046 3662 immutatum;
1066 3589 1152 3670 idem

113 3685 149 3750 iu
169 3685 335 3760 orationes
356 3685 442 3780 idem
462 3687 496 3751 in
517 3687 732 3762 abstinentiis3
759 3688 845 3756 idem
865 3692 898 3756 iu
917 3693 1151 3778 monachorum

112 3815 227 3859 amore
239 3817 249 3868 ;
279 3793 365 3860 idem
394 3794 427 3860 iu
449 3793 629 3862 solitudinis
655 3795 836 3873 desiderio,
860 3801 914 3866 cui
935 3813 1041 3882 totum
1061 3809 1150 3882 tisa-

112 3900 336 3990 cerdotalibus
351 3901 462 3968 officiis
475 3925 614 3970 vacuum
631 3905 962 3994 tempus-impendere
975 3911 1145 3996 gaudebat.

278 4009 400 4084 Tomos
416 4009 521 4078 VIII.
680 4090 682 4098 Ι
930 4040 966 4080 21
