2956 4586
579 422 693 508 (ιι)

127 559 217 624 milri
233 563 377 627 Paulam
399 576 428 624 et
447 561 643 650 Barrmbam
665 563 703 627 in
722 583 801 650 opas
821 561 867 626 od
886 561 974 648 qaod
995 547 1175 648 assumpsi

130 687 194 729 eos.
216 665 310 730 Tana
314 667 509 752 jejunantes
524 680 554 730 et
568 681 720 742 orantes,
738 668 1002 754 imponentesque
1015 664 1062 728 eis
1081 685 1155 728 ma·

132 791 215 844 nus,
229 770 427 835 dimiserant
441 769 525 835 illas.
544 775 556 856 4
570 769 640 836 Act.
665 771 714 836 ιδ.
734 794 761 835 ι.
775 793 804 836 e.
818 771 869 852 ὅ.)

62 926 71 942 .
179 876 242 956 Qui
258 889 421 968 assumpto
438 876 562 942 Joanne
583 875 715 953 Marco,
737 877 848 944 Sancti
869 876 1023 942 Barnahae
1038 875 1156 941 sororis

134 977 221 1057 filio,
239 981 418 1048 Seleuciam
437 984 603 1072 primum,
623 981 741 1048 deinde
757 981 921 1070 Cyprum,
939 987 1047 1072 postet
1066 981 1157 1048 Sala-

133 1086 252 1152 minam
275 1101 503 1178 peragrantes,
528 1087 674 1178 Paphum
690 1087 828 1176 denique
848 1099 1082 1176 pervenerunt,
1100 1087 1155 1154 ubi

128 1191 306 1277 proconsul
320 1191 457 1282 Sergius
468 1193 612 1268 Paulas,
628 1191 779 1280 castigato
794 1187 907 1278 Elyma
928 1181 1039 1279 Mago,
1056 1191 1159 1257 credi·

134 1295 184 1361 alit
202 1297 391 1363 admirans
417 1321 519 1388 saper·
543 1297 698 1372 doctrina
723 1297 875 1366 Domini.
909 1294 1094 1382 (Ibidem,
1125 1323 1155 1384 7.

125 1403 205 1490 ⁴12.)
226 1401 317 1468 Unde
334 1401 457 1494 Pergen
473 1402 657 1494 Pamphiliae
673 1402 834 1469 civitatem
856 1412 1157 1491 praetercurrentes,

134 1507 190 1574 ubi
209 1509 356 1600 fatigatus
380 1513 510 1580 recessit
527 1511 667 1578 loannes
686 1509 830 1586 Marcus,
860 1507 1064 1576 Antiochiam
1080 1509 1159 1576 Pisi-

134 1613 193 1680 diae
208 1615 390 1683 deveniunt.
415 1617 498 1684 Cum
514 1630 626 1684 autem·
637 1617 753 1707 repleti
775 1617 840 1682 eolo
860 1615 975 1681 larini
989 1615 1160 1682 contradi-

135 1735 243 1785 cerent
265 1721 317 1789 lais
339 1745 412 1810 qaae
441 1723 655 1799 dicebantur,
681 1721 956 1812 blasphemantes,
981 1737 1060 1788 tane
1082 1715 1161 1787 can-

136 1839 261 1891 stanter
281 1827 407 1894 Paulas
425 1845 454 1894 et
473 1828 649 1896 Barnabas
677 1829 837 1898 amaram
853 1851 864 1893 :
880 1827 974 1894 eolis
994 1827 1163 1916 oportebat

135 1934 288 2026 primum
304 1935 394 2023 loqui
409 1959 551 2026 regnam
562 1937 644 2014 Dei,
661 1935 889 2023 sedquoniam
902 1934 1061 2023 repellitis
1076 1933 1163 2000 illusi

137 2055 168 2104 et
178 2039 335 2132 indignos
348 2057 406 2108 aas
413 2043 581 2130 judicatis
594 2058 726 2110 aeternae
736 2043 816 2108 aitte
829 2093 838 2118 ,
854 2047 922 2106 ecci
935 2042 1162 2108 convertimur

135 2147 182 2211 ael
210 2165 329 2239 gentes.
352 2148 523 2238 (Ibidem,
554 2173 582 2215 v.
613 2151 667 2230 45.
687 2149 742 2229 46.
762 2151 778 2238 )
805 2147 1001 2214 Jamautem
1016 2147 1162 2214 dissemi-

106 2295 111 2308 .
136 2249 282 2316 nabatm
306 2252 446 2317 aeriam
471 2253 631 2330 Domini,
659 2268 689 2318 et
714 2253 886 2320 audientes
907 2268 1016 2344 gentes
1037 2255 1163 2344 ganisan

138 2371 214 2420 sant
225 2355 496 2445 etglorificalant
506 2355 645 2422 verbam
659 2358 800 2422 Domini
805 2385 819 2434 ;
832 2357 945 2422 laone·
956 2371 1065 2423 antem
1076 2359 1162 2424 encei-

141 2464 564 2550 taaerant'persecationem
575 2464 613 2527 in
629 2463 774 2530 Paulam
784 2478 814 2527 et
825 2462 1036 2539 Bernabam,
1053 2479 1082 2528 et
1097 2466 1161 2549 eje-

141 2581 257 2630 cerant
283 2589 335 2631 eos
362 2565 402 2631 de
423 2565 552 2655 finibus
574 2568 649 2632 suis.
672 2565 848 2654 (Ibidem,
875 2567 927 2646 48.
955 2578 987 2632 et
1010 2567 1163 2654 50.)111t

136 2668 245 2758 igitur,
259 2693 391 2737 eaaasso
399 2672 663 2762 paleerepcdum
675 2723 683 2749 ,
694 2671 1037 2749 ueneruntlconium,
1051 2672 1109 2738 abi
1116 2671 1161 2762 {i-

137 2773 314 2842 ducialiter
329 2775 473 2868 agebant.
486 2778 525 2841 in
542 2777 708 2854 Domino,
728 2784 802 2846 ciam
816 2780 903 2868 facto
921 2777 946 2842 J
947 2777 1117 2845 admoram
1133 2795 1163 2846 et

121 2897 123 2904 “
137 2876 322 2945 Gentilium
338 2882 484 2972 impetu,
503 2899 539 2948 at
554 2884 762 2950 contumeliis
776 2877 943 2974 afficerent
959 2933 968 2960 ,
989 2899 1019 2948 et
1037 2885 1162 2974 lapida-

138 2999 213 3050 rent
226 3009 294 3061 eos,
309 2987 512 3078 confugerant
526 2987 573 3053 ad
587 2989 740 3054 civitates
749 2987 942 3080 lycaonice,
961 3003 990 3054 et
1005 2988 1054 3053 ibi
1064 3013 1164 3055 evan·

136 3090 314 3181 gelizantes
327 3107 431 3158 erant.
448 3093 459 3180 (
474 3095 546 3160 Act.
569 3096 619 3174 ι4.
637 3117 667 3161 v.
687 3094 717 3160 5.
736 3094 812 3165 ct6.
830 3094 841 3182 )

182 3195 360 3286 stupefacti
375 3249 385 3276 ,
398 3200 471 3266 visis
483 3199 662 3278 miraculis,
675 3201 812 3290 pagani,
829 3197 899 3266 illos
910 3207 1063 3290 tanquam
1075 3199 1159 3267 Deos
1183 3265 1185 3271 ,

137 3303 364 3392 suspicientes,
382 3304 538 3372 uolebant
554 3305 763 3396 sacrificare,
779 3306 1161 3395 vacabantqaePaalam

138 3407 366 3498 Mercurium,
389 3409 588 3476 Barnabam
610 3418 689 3478 aero
709 3414 828 3478 lovem
848 3423 978 3501 propter
1001 3411 1161 3478 venerahi-

137 3511 202 3582 lem
218 3563 227 3590 ,
245 3525 280 3588 ut
301 3513 533 3603 Chrysostomo
551 3514 678 3582 videtur
689 3565 699 3594 ,
711 3513 816 3582 vultus
832 3528 864 3580 et
887 3515 1029 3604 corporis
1047 3539 1161 3604 aspec-

137 3599 222 3684 tum*
237 3617 415 3687 Barnabas
438 3633 548 3686 aman
576 3635 607 3685 et
636 3620 764 3686 Paulus
787 3621 969 3686 eailierant
988 3619 1026 3683 in
1048 3620 1162 3686 turbas

137 3721 319 3790 clamantes
343 3739 375 3788 et
398 3723 541 3791 dicentes
562 3749 574 3792 :
594 3726 686 3804 oiri,
709 3726 792 3814 quid
821 3722 875 3791 laio
888 3725 1001 3814 facitis
1017 3723 1085 3790 ea
1103 3747 1162 3791 nos

136 3825 668 3900 nmrtaleasnmusmimileaoolsis
682 3827 1162 3906 leminea,annantiantesao
1197 3834 1199 3838 ‘

136 3927 237 3996 tisat
249 3927 302 3996 tis
308 3933 408 3998 vanis
423 3935 573 3999 converti
583 3935 628 4001 ad
635 3935 742 4041 lDeam
752 3936 884 4013 aivam,
894 3936 952 4022 qui
960 3935 1036 4024 fecit
1047 3933 1163 4002 calum
