2940 4570
496 527 650 681 oxi.

337 817 478 884 Sanetus
494 817 672 907 Ephrem,
696 843 753 887 art.
774 823 848 909 578.

515 1027 674 1072 sumtus.

121 1204 263 1269 Sanctus
292 1201 473 1291 Ephrem,
489 1203 667 1270 Edessenus
690 1201 901 1292 cognomine,
918 1201 993 1290 quio
1010 1199 1112 1268 Edes-

83 1330 123 1372 sae
145 1309 243 1374 vitam
271 1308 338 1398 egit
358 1309 592 1386 monasticam,
616 1321 649 1375 et
668 1308 789 1398 origine
814 1307 986 1394 Syriscus,
1006 1305 1113 1372 lucem

82 1411 162 1476 vidit
176 1412 303 1490 Nisibi,
323 1413 356 1478 in
373 1411 586 1480 celeberrimi
612 1413 852 1504 Mesopotamiae
873 1413 973 1488 urbe,
993 1435 1113 1502 paupe-

82 1514 172 1580 ribus
185 1515 315 1602 quidem
331 1516 537 1604 perentibus,
555 1507 616 1605 qul
630 1515 740 1582 labore
750 1517 871 1583 victum
884 1516 1111 1606 quaeritabant,

82 1619 139 1685 sed
158 1618 257 1686 divite
273 1621 470 1711 martyribus
491 1621 628 1698 familie,
645 1623 687 1688 iu
712 1634 747 1686 ut
768 1634 858 1711 poter
874 1623 941 1712 ipse
960 1635 992 1690 et
1010 1635 1114 1690 muter

85 1725 143 1792 sub
160 1726 362 1796 Diocletiano
381 1731 515 1820 ejusque
531 1730 769 1798 successoribus
788 1730 905 1798 Christi
924 1731 1022 1798 fidem
1039 1754 1113 1798 con·

84 1830 265 1898 fiterentur.

128 1937 199 2002 Deo
218 1939 259 2002 ab
280 1938 412 2004 inlantit
437 1939 598 2016 devotus„
614 1940 810 2030 baptismum
836 1963 902 2006 non
929 1940 991 2006 nisi
1015 1961 1114 2006 annos

85 2044 266 2110 octodecim
283 2058 377 2112 uetus
392 2048 540 2136 suscepit.
558 2047 746 2116 Levissimas
762 2071 839 2138 quas
854 2047 963 2136 junior
977 2044 1115 2112 admise-

88 2164 137 2216 rat
150 2149 284 2242 culpas,
310 2154 470 2220 continuis
485 2177 623 2244 purgare
639 2153 795 2244 ¹lacrymis
811 2155 996 2250 sategebat,¹
1013 2139 1115 2243 quau-

88 2263 205 2346 qubm‚
221 2269 304 2322 teste
321 2257 500 2326 Sozomeno
514 2281 628 2347 parvos
637 2264 761 2325 tontum
774 2259 945 2326 iracundiae
960 2269 1066 2325 motus
1083 2257 1116 2322 in

87 2365 154 2426 totsi
171 2362 339 2454 juventute
361 2360 526 2428 deflendos
546 2363 710 2452 reperiret.
737 2362 829 2452 (Lib.
851 2363 881 2428 5.
904 2387 931 2428 c.
955 2363 1010 2450 6.)
1039 2362 1116 2428 Haec

89 2481 197 2534 eutem
224 2469 368 2558 graviora
385 2467 449 2534 duo
469 2469 527 2536 sibi
545 2469 718 2558 exprobrat
733 2469 765 2534 in
776 2469 1012 2536 confessionum
1025 2465 1116 2532 libris

89 2585 239 2666 peccata,
269 2573 357 2662 prius
385 2573 515 2663 quidem
544 2573 630 2663 qubd
651 2573 747 2640 vicini
780 2573 917 2642 bominis
946 2575 1116 2661 juvencum

90 2677 230 2745 ludendo
247 2679 280 2744 in
296 2692 440 2745 montem
458 2679 648 2770 expuleritis
665 2679 774 2746 bestiis
791 2679 1022 2754 devorandam
1041 2700 1116 2766 pos-

89 2785 201 2862 terius,
214 2792 291 2854 verb
304 2787 391 2876 quod
399 2786 498 2854 semel
513 2795 621 2854 utrum
630 2789 689 2854 Dei
702 2786 901 2877 providentis
913 2787 1039 2856 cunctis
1055 2784 1116 2850 ho-

90 2891 216 2957 minum
232 2891 360 2958 actibus
376 2892 580 2971 intenderet,
593 2889 759 2984 paululum
776 2892 978 2960 dubitaverit.

133 2996 238 3086 Cujus
256 2999 386 3086 quidem
407 2998 501 3066 altius
518 2999 718 3068 inculcandae
746 3001 885 3068 veritatis
912 3000 1115 3068 occasionem

90 3102 235 3190 praebere
248 3103 334 3171 visus
349 3117 398 3170 est
413 3104 519 3182 Deus,
535 3119 713 3202 praeparato
728 3107 810 3174 tristi
825 3105 977 3194 quidem,
1003 3103 1059 3172 sed
1070 3129 1118 3172 sa·

91 3206 187 3276 lutari
197 3223 330 3288 eventu,
343 3234 440 3299 quom
449 3213 516 3302 ipse
528 3213 561 3278 in
569 3213 652 3280 libro
660 3215 700 3280 de
709 3218 765 3281 sut
778 3215 986 3282 conversione
993 3224 1115 3290 narret,

90 3311 249 3402 cujusque
267 3313 339 3385 talis
359 3327 408 3384 est
422 3339 559 3382 summa.
595 3317 744 3398 Quodam
774 3317 825 3382 die
841 3322 859 3382 t
876 3317 1061 3406 perentibus
1085 3316 1117 3380 in

88 3417 285 3488 suburbium
312 3431 401 3484 extra
425 3418 585 3486 civitatem
614 3421 751 3496 missus,
775 3421 945 3510 juvencam
960 3419 1118 3486 serentem
1223 3424 1224 3428 ’

90 3534 221 3588 uterum
232 3523 276 3590 ito
293 3521 451 3612 lapidibus
467 3524 640 3592 insectatus
651 3538 718 3602 est,
732 3524 939 3614 quoadusque
954 3525 986 3590 in
1001 3537 1118 3590 terrem

61 3632 63 3636 ’
88 3628 223 3695 caderet
247 3639 279 3694 et
301 3642 499 3704 moreretur3
524 3631 588 3700 imo
612 3644 645 3698 et
666 3631 796 3698 obvium
827 3651 1004 3720 pauperem
1026 3629 1118 3716 cujus

85 3745 155 3798 erat
170 3733 308 3822 juvenca
326 3733 528 3802 contumeliis
548 3737 703 3804 oneravit.
728 3735 802 3802 Mox
826 3748 933 3802 autem
950 3733 1029 3800 falso
1043 3732 1118 3798 furti

86 3840 225 3909 crimine
240 3852 407 3908 accusatus
427 3842 459 3911 iu
476 3866 640 3910 carcerem
658 3842 826 3933 dejicitur,
845 3841 900 3908 ubi
929 3841 1009 3908 duos
1032 3821 1145 3906 viros⁰‘
