2942 4568
167 557 371 636 Atinatibus,
393 569 560 648 'presente
591 559 722 624 tandem
750 555 874 626 Iacobo
903 559 1069 649 Aragoniae
1096 557 1202 648 Rege,

168 665 396 756 blichatllsque
431 663 598 754 Palasologi
633 664 835 756 aliorumque
863 665 1049 756 Principum
1079 665 1202 756 legatis.

168 770 370 861 Congregato
386 768 515 836 interim
531 769 661 835 Ordinis
674 769 722 835 sui
737 767 905 858 Capitulo,
919 789 1208 860 supremamgene·

89 941 94 948 .
168 877 242 946 rtlis
263 877 398 944 Ministri
431 875 618 963 dignitatem
650 873 837 952 abdicavit,
864 875 1138 966 redeuntibusque
1167 875 1209 942 ad

166 983 333 1050 Unitatem
353 979 473 1048 Graecis
492 983 665 1068 antequtun
686 982 1025 1070 moreretur,gavisus
1046 993 1104 1046 est.
1132 979 1208 1047 Post

168 1086 413 1179 quartamenim
424 1083 572 1172 ejusdem
584 1083 724 1150 Consilii
740 1085 901 1151 actionem
914 1087 945 1152 in
959 1085 1110 1152 morbum
1127 1086 1207 1153 inci-

170 1193 236 1270 dit,
253 1201 466 1278 susceptoque
482 1188 522 1252 ab
540 1187 608 1276 ipso
625 1211 752 1254 summo
768 1189 923 1257 Pontifice
939 1193 1101 1258 Extremae
1124 1193 1208 1259 Unc-

167 1297 265 1363 tionis
281 1296 507 1370 Sacramento,
517 1291 660 1360 Crucem
668 1315 767 1358 manu
779 1275 1089 1388 tenenr,oculisque
1098 1295 1209 1364 sedulo

167 1395 423 1493 contemplatui,
440 1401 589 1491 migravit
608 1407 628 1468 e
649 1402 716 1479 risa
738 1425 822 1468 anno
845 1403 963 1470 Christi
980 1410 1084 1494 1274,
1110 1407 1211 1472 etatis

170 1517 246 1579 verb
257 1513 317 1586 55,
333 1509 383 1576 die
399 1505 468 1597 julii
486 1510 545 1588 14,
565 1508 650 1573 inter
665 1506 831 1576 Sanctosb
845 1507 936 1576 Sixto
948 1511 1010 1589 lV,
1028 1513 1113 1579 inter
1127 1513 1213 1580 Doc-

167 1633 255 1686 tores
268 1630 376 1684 autem
390 1615 540 1684 Ecclesiae
555 1622 575 1680 b
588 1611 680 1681 Sixto
695 1614 924 1704 Vdeputatns.¹

214 1721 379 1811 Scripsit:
400 1731 441 1788 1⁰.
465 1719 574 1809 plures
594 1719 626 1785 in
646 1732 770 1786 veteres
788 1720 971 1810 Scripturas
994 1734 1026 1788 et
1047 1723 1082 1788 in
1104 1725 1211 1790 Euan-

168 1830 253 1921 g'elia
276 1829 557 1901 Comrncrstoriosa
581 1839 622 1894 at.
657 1828 833 1895 Sermones
860 1829 902 1895 de
927 1829 1090 1920 Tempore
1115 1844 1149 1896 et
1172 1831 1212 1898 de

169 1935 316 2008 Sanctis:
337 1935 383 2000 3¹².
411 1933 446 2000 in
460 1932 648 2022 Magistrum
666 1933 899 2002 sententiarum
914 1932 1209 2015 ammonaria„
1226 1933 1231 1946 ⁸

170 2045 215 2120 θ,
233 2041 383 2108 Masalia
402 2037 569 2128 opetona
584 2038 625 2106 ad
641 2038 860 2106 informandos
878 2038 1137 2106 Christianorum
1156 2055 1212 2107 aut

173 2146 410 2237 Religiosorum
427 2165 552 2220 merces
572 2147 615 2212 5⁰.
634 2144 867 2214 blonaoboruns
886 2146 922 2211 Β.
946 2146 1111 2216 Francisoi
1133 2169 1214 2214 non·

170 2252 274 2322 nullas
283 2253 513 2342 Μικίωνος
530 2251 574 2317 6⁰.
588 2250 727 2340 denique
737 2251 922 2344 Tboologice
933 2254 1207 2342 operapecedem.

216 2358 321 2426 Tanta
338 2359 371 2425 in
387 2357 541 2426 omnibus
563 2356 686 2426 relucet
702 2358 822 2447 pietas,
842 2371 878 2442 up
893 2358 955 2448 legi
974 2381 1039 2424 non
1060 2374 1211 2449 possent,

39 2501 46 2508 ·
168 2467 250 2556 quin
265 2467 364 2536 divini
381 2465 498 2534 amoris
511 2465 607 2532 asdor
622 2465 655 2532 in
668 2465 744 2555 ipsis
757 2465 855 2530 animi
865 2464 1085 2556 penetralibus
1098 2487 1228 2536 aecem·

173 2575 279 2642 tatur.
292 2576 370 2643 Haee
379 2573 512 2641 ‹leillius
520 2574 646 2664 scriptis
654 2573 754 2639 babet
762 2573 939 2640 Gor-senius
952 2597 961 2640 ε
986 2570 1042 2640 «si
1052 2589 1214 2663 quaeratur

171 2711 189 2750 s
216 2690 235 2749 t
251 2707 317 2760 me,
328 2685 398 2773 quis
411 2683 495 2748 inter
508 2683 807 2749 oaesmsbnuora
820 2681 892 2772 plus
904 2683 1050 2752 videatur
1061 2684 1215 2761 idoneus,v

176 2815 190 2853 s
219 2789 1235 2880 respondeosineprejudicio,qudeonaventura,quoniam‘
1318 2774 1322 2786 ¹

173 2923 187 2960 s
214 2897 247 2962 in
263 2896 410 2964 docendo
426 2894 546 2964 solidus
569 2907 618 2961 est
640 2908 673 2961 et
696 2917 849 2974 securum
869 2899 962 2987 pius,
983 2912 1015 2964 et
1033 2899 1156 2988 justus,
1179 2912 1212 2966 et

168 3029 187 3068 o
219 2999 362 3072 devotus.
372 3001 528 3070 Pretereb
541 2999 693 3068 receditb
709 3002 894 3075 curiositate
905 3051 914 3079 ‚
924 3010 1207 3094 quantbmpotest,

171 3138 187 3178 a
218 3132 285 3178 non
292 3110 476 3178 immiscens
486 3109 720 3199 propositiones
730 3122 909 3186 extraneas,
921 3109 969 3176 vel
982 3111 1145 3180 doctrinas
1158 3136 1210 3179 sc-

175 3247 189 3282 s
217 3216 363 3294 celares,
381 3217 563 3285 dialecticas
590 3230 646 3283 aut
669 3217 838 3306 physicas,
861 3219 1005 3284 terminis
1021 3217 1210 3310 theologicis

174 3353 188 3390 s
214 3324 438 3401 obumbratas,
451 3346 541 3392 more
556 3323 743 3390 multorum.
765 3323 830 3390 Sed
842 3323 919 3390 dtrm
932 3323 1041 3394 studet
1053 3323 1212 3392 illumina-

151 3469 156 3476 ·
174 3455 188 3494 s
217 3430 299 3496 tioni
309 3427 510 3504 intelleetbs,
527 3441 632 3494 totum
643 3429 741 3494 relert
753 3429 794 3493 ad
810 3429 964 3517 pietatem
977 3441 1009 3493 et
1024 3428 1209 3519 religiosita-

168 3543 188 3602 ὐ
217 3535 654 3610 temall'ectbsrundefactum
664 3547 757 3600 estut
770 3534 810 3598 ab
819 3533 977 3599 indevotis
987 3534 1209 3620 Scholasticis,

175 3668 189 3708 r
217 3664 357 3730 qnorum
373 3641 475 3730 probi
498 3639 610 3710 dolori
634 3640 745 3728 major·
759 3651 809 3704 est
828 3659 1002 3716 numerus,
1021 3641 1089 3730 ipse
1104 3641 1211 3706 minus

172 3772 202 3812 s.
217 3749 357 3816 extiterit
368 3747 609 3837 frequentatum
620 3753 696 3816 ciam
706 3759 813 3813 tamen
822 3744 910 3814 nulla
920 3744 1106 3824 sublimior,
1121 3746 1224 3814 nullas

172 3879 185 3918 s
218 3856 368 3933 divinior,
383 3853 471 3922 nulla
482 3853 642 3919 salubrior
658 3867 754 3942 atque
773 3854 900 3920 suavior
914 3877 973 3942 pro
986 3852 1157 3944 Theologis
1169 3855 1209 3920 sit

173 3988 187 4021 »
219 3960 377 4028 doctrina.
398 3961 528 4042 Quanto
547 3961 686 4049 denique
705 3959 887 4050 diligentius
904 3961 942 4027 in·
951 3973 1118 4026 senectute
1137 3966 1210 4028 meai
