2990 4570
820 375 953 462 (27⁶)

378 508 503 589 diebus,
519 513 559 578 ad
575 511 894 601 archiepiscopatum
911 509 1162 578 Alexandrinum
1179 511 1311 578 erectus
1330 509 1405 583 fuit,

376 613 444 681 aliis
465 617 625 684 incasabm
645 641 703 707 pro
719 617 888 684 Timotheo
906 616 1144 684 Archidiuccno
1165 614 1401 682 laborantibus.

421 721 465 786 Ea
480 725 588 788 autem
603 735 672 788 erat
687 721 976 790 Alexandrinorum
992 721 1226 812 Episcoporum
1241 730 1404 808 potestas,
1482 777 1483 790 ,

375 837 410 892 ut
433 829 466 893 in
481 828 535 904 iis,
556 853 627 918 quae
645 829 687 896 ad
715 828 903 920 religionem
924 828 1150 917 pertinebant,
1178 815 1405 916 supremorum

372 936 473 1002 instar
490 938 673 1028 principum
690 961 724 1004 se
739 949 898 1028 gererent.
917 938 1018 1027 Cujus
1034 937 1236 1004 auctoritatis
1255 935 1402 1012 tuendae,

371 1039 422 1108 rel
434 1043 530 1109 etiam
545 1043 777 1132 amplificandae
794 1045 929 1132 cupidus
945 1045 1040 1110 nimis
1059 1043 1166 1108 forsan
1181 1041 1339 1132 Gyrillus‚
1355 1041 1406 1106 vix

371 1148 593 1218 Pontificalem
603 1152 785 1218 obtinuerat
794 1151 916 1229 sedem,
928 1157 1004 1219 cbm
1018 1149 1157 1242 expulsis
1168 1149 1300 1242 proprio
1313 1162 1405 1216 motu

372 1256 909 1349 Noratiuuis,pseudo-episcopum
918 1257 1402 1353 Theopomptumbonisctiam,

369 1363 485 1452 quibus
500 1364 680 1440 fruebatur,
693 1363 849 1454 spoliavit.
867 1365 934 1430 Neo
946 1370 1020 1454 erga
1036 1363 1056 1430 J
1060 1364 1166 1430 udaeos
1179 1364 1307 1432 mitior:
1328 1369 1403 1432 cbm

369 1466 457 1534 enim
471 1459 516 1535 illi
532 1461 754 1535 Alexandrinis
771 1467 920 1536 fidelibus
945 1469 1066 1558 aliquid
1085 1469 1278 1562 injuriarum
1298 1482 1405 1536 atten-

368 1580 507 1653 tassent,
521 1577 674 1642 concitati
686 1575 797 1665 populi
811 1576 874 1652 dux
886 1578 953 1666 ipse
965 1577 1088 1656 lactus,
1098 1602 1213 1644 corum
1226 1599 1403 1667 synagogas

368 1675 503 1768 invasit,
520 1673 657 1772 ipsisque
673 1681 712 1746 ab
731 1678 923 1748 Alexandria
936 1682 1070 1772 ejectis,
1089 1682 1245 1771 quidquid
1258 1681 1405 1770 posscde-

336 1867 338 1872 ,
367 1797 441 1850 rant
459 1775 645 1852 Christianis
661 1779 876 1876 diripiendum
892 1785 1033 1852 tradidit.
1059 1783 1143 1853 Hinc
1158 1786 1275 1853 exoriri
1298 1786 1404 1876 Gyril-

366 1887 434 1956 lum
461 1891 545 1958 inter
561 1904 594 1958 et
610 1892 756 1959 Orestem
776 1893 864 1958 urbis
885 1887 1072 1981 preelectum
1098 1889 1244 1970 invidiae,
1264 1897 1404 1981 cbmque
1485 1905 1486 1942 ³

365 1997 399 2064 hi
417 2022 476 2089 pro
494 1999 628 2076 Oreste,
643 1998 687 2066 illi
706 2007 782 2066 verb
803 2025 862 2090 pro
880 1997 1001 2089 Gyrillo
1027 2011 1173 2079 starent,
1193 2001 1402 2088 frequentes,

365 2119 500 2196 propter
511 2108 698 2174 seditiosum
706 2106 930 2175 Alexandrinae
941 2107 1045 2197 plebis
1059 2107 1243 2196 ingenium,
1256 2131 1322 2174 nou
1333 2107 1406 2174 sina

367 2214 490 2281 cruoris
512 2204 672 2281 'offusione
698 2214 919 2281 dissensiones.
948 2214 1077 2304 Lapidis
1104 2215 1209 2281 ictui
1237 2211 1408 2280 monachis

366 2313 550 2388 vulneratus
578 2321 728 2400 Orestes,
758 2325 957 2389 monachum
979 2322 1111 2388 nomine
1131 2321 1340 2388 Ammonium
1362 2322 1406 2387 ita
1486 2363 1487 2374 .

365 2419 534 2513 quaestioni
555 2421 712 2517 subjecit,
737 2440 773 2493 ut
794 2429 878 2494 in'ter
900 2439 1063 2495 tormenta
1082 2439 1282 2501 moreretur;
1305 2449 1406 2516 quem

365 2531 523 2622 Cyrinus,
537 2532 665 2600 laudata
680 2534 809 2624 publica
820 2535 1017 2611 constantii,
1031 2535 1117 2602 inter
1136 2545 1263 2602 sanctos
1275 2545 1308 2600 et
1319 2557 1407 2600 mar-

365 2651 453 2728 tyres
482 2627 605 2736 baberi?
622 2640 732 2708 voluit.
764 2640 933 2710 Mulierem
954 2642 1148 2730 quamdam,
1174 2641 1306 2728 nomine
1333 2641 1408 2730 lly-

366 2739 513 2836 patiam,
535 2771 605 2836 quae
628 2747 661 2815 in
682 2750 898 2838 suspicionem
919 2761 1075 2825 venerat,
1099 2749 1190 2836 quasi
1215 2747 1322 2814 Oresti
1343 2747 1409 2812 ad-

314 2839 319 2848 ’
365 2857 476 2918 versbs
491 2837 689 2943 ⁴Episcopum
709 2855 775 2920 odii
795 2855 880 2922 faces
902 2847 1119 2932 ministraret,
1146 2867 1328 2922 commotus
1348 2877 1407 2918 su—

366 2957 436 3024 bitb
450 2951 610 3048 populus,
626 2959 747 3028 lecture
758 2945 903 3050 ¹quodam
921 2959 1004 3046 duce
1018 3007 1027 3038 ,
1041 2961 1126 3026 inter
1140 2960 1206 3026 vias
1218 2971 1250 3026 et
1261 2959 1409 3049 compita

366 3059 502 3127 civitatis
517 3077 733 3152 pertractum,
750 3063 925 3131 crudeliter
938 3062 1183 3130 dilaniaverunt.
1202 3063 1274 3129 Hoc
1291 3075 1407 3130 autem

365 3167 528 3232 nesciente
545 3163 665 3257 Cyrillo
677 3181 897 3260 perpetratum
915 3165 1094 3264 certissime
1110 3151 1309 3236 credendum
1331 3181 1408 3246 est,

367 3270 510 3359 quamvis
529 3274 727 3339 contrarium
743 3274 775 3338 in
795 3272 859 3337 vita
877 3271 991 3338 Isidori
1012 3269 1194 3362 philosophi
1213 3272 1409 3340 Damascius

366 3368 552 3445 contendat.
576 3379 707 3468 Siquid
729 3391 837 3444 autem
858 3367 969 3443 duribs
990 3379 1111 3467 egerit,
1136 3401 1202 3444 non
1218 3379 1409 3468 cupiditatis

364 3483 529 3576 explendae
554 3493 668 3561 causa,
690 3485 746 3551 scd
770 3483 959 3550 ardentioris
981 3483 1065 3550 illius
1086 3483 1146 3550 zeli
1166 3483 1274 3550 studio
1282 3484 1299 3561 ,¹
1315 3485 1409 3574 quod

345 3588 346 3592 ’
364 3613 423 3680 pro
436 3589 620 3684 defensione
635 3589 711 3656 fidei
729 3587 904 3656 Catholicae
920 3601 1024 3654 totum
1042 3589 1191 3678 protinlrs
1203 3591 1342 3656 exeruit.

392 3681 395 3690 ’
410 3697 526 3764 Statim
543 3709 639 3784 atque
654 3693 840 3765 Nestorisue
853 3689 1052 3786 blasphemia
1065 3695 1107 3762 ad
1119 3719 1211 3762 aures
1226 3719 1408 3784 personue-

364 3815 461 3877 runt,
481 3804 626 3891 generosi
645 3803 746 3868 instar
765 3801 895 3878 militis,
914 3802 1008 3890 cujus
1025 3803 1177 3868 virtutem
1198 3801 1408 3868 adversario-

327 3952 330 3961 ·
366 3929 439 3973 rum
450 3903 607 3974 clamores
618 3919 792 3987 exacuunt,
806 3906 847 3973 ad
859 3930 1003 3998 pugnam
1016 3908 1195 3998 accingitur
1203 3929 1212 3984 ,·
1222 3905 1277 3973 ¹vel
1291 3908 1406 3998 potibs
