2990 4570
570 312 668 406 (aas
685 312 704 400 -)

127 444 255 535 imperil
276 467 552 535 ulmerugorum,
576 447 753 538 consulque
774 447 1015 516 cumdusonio
1039 446 1154 513 audire

127 550 316 639 promeruit.
350 547 488 616 Uxorem
518 552 632 621 hahuit
665 551 852 623 Therasiam
881 549 1154 642 opulentissimam

129 662 338 748 matronam,
365 658 427 740 qud
452 655 627 741 presertim
652 654 864 732 exhortante,
892 652 1000 720 multis
1024 651 1155 720 aliunde

129 758 370 826 difficultatibus
388 783 497 826 rerum
514 760 705 840 intricatus,
729 763 771 828 ad
787 761 893 828 Deum
912 772 1054 828 mentem
1073 781 1153 827 con-

73 887 76 898 *
128 873 256 928 vortere
267 859 394 938 statuit,
410 867 621 952 susceptaque
631 868 650 928 a
662 861 820 952 Delphino
833 862 1054 954 Burdigalensi
1068 862 1155 954 epis·

130 989 214 1056 copo
228 967 427 1056 baptismatis
443 970 543 1058 gratis
557 993 641 1045 anno
657 971 740 1058 589,
757 971 791 1042 in
804 969 989 1060 Hispaniam
1005 968 1153 1043 secessit,

111 1143 114 1160 ,
130 1073 186 1140 uhi
202 1088 340 1162 quatuor
350 1077 440 1147 annis
453 1087 688 1154 commoratus,
701 1075 927 1157 etaoluntariae
938 1076 1067 1144 deditus
1078 1097 1156 1164 pau-

128 1183 267 1270 pertati,
288 1183 422 1260 vendita·
436 1183 590 1274 paulatim
601 1184 696 1250 hona(
702 1184 735 1250 in
749 1165 906 1276 pauperes
920 1183 1060 1252 liberalis
1078 1203 1157 1273 pro-

72 1359 76 1364 ,
129 1289 222 1370 ludit,
240 1289 331 1366 Unde
350 1290 387 1366 S.
407 1289 602 1386 Augustinus
623 1291 784 1380 juniorem
803 1290 986 1360 Licentium
1001 1289 1043 1357 ad
1056 1289 1156 1380 poeni-

129 1395 264 1470 tentiam
287 1393 474 1464 exhortatus
486 1419 496 1476 ;
522 1423 535 1468 a
558 1395 673 1474 Vade,
705 1397 828 1486 inquit,
858 1398 892 1464 in
926 1395 1155 1486 Campaniam,

131 1535 145 1570 a
174 1499 819 1597 discel'aulinumegregiumetsanotum
831 1506 1160 1596 Deiserrum.,qutm

66 1602 69 1607 ¹
131 1643 145 1680 a
175 1611 330 1704 grandem
366 1615 485 1680 fastum
518 1613 617 1682 seculi
644 1612 772 1703 hujus,
801 1621 889 1680 tanto
920 1615 1124 1704 generosiore
1147 1663 1180 1700 ,Ι

131 1749 146 1786 a
175 1727 295 1811 quanto
314 1717 486 1786 humiliore
499 1719 632 1787 'cervice
651 1719 877 1785 incunctanter
898 1720 1092 1796 excusserit,
1123 1730 1160 1784 ut

132 1857 145 1891 a
175 1851 248 1894 eam
263 1825 416 1892 subderet
429 1823 547 1890 Christi
561 1825 662 1914 jugo,
680 1824 763 1891 sicut
774 1823 940 1896 subdidit?
959 1836 992 1890 et
1006 1847 1094 1891 nunc
1104 1822 1159 1890 illo

133 1962 147 1996 s
177 1932 382 2010 moderatore
408 1930 530 1998 itineris
552 1929 600 1995 sui
621 1929 747 2018 quietus
774 1940 806 1994 et
830 1927 992 1998 modestus
1023 1927 1154 1996 exultat.
1215 1929 1219 1939 '

132 2067 148 2102 s
176 2036 291 2113 Vade,
316 2036 421 2113 disce,
440 2036 555 2125 quihus
571 2035 684 2126 opibus
705 2034 824 2124 ingenii
838 2033 993 2102 sacrificia
1009 2031 1112 2101 laudis
1129 2033 1159 2100 ei

134 2173 148 2208 s
172 2141 311 2218 ,offeram
328 2139 557 2227 refundensilli
569 2140 726 2232 quidquid
739 2140 816 2208 honi
831 2141 955 2230 accepit
971 2163 1010 2206 ex
1025 2138 1101 2217 illo,
1118 2163 1158 2206 ne

133 2279 147 2312 a
167 2237 304 2315 ¹amittat
319 2249 444 2326 omnia,
462 2249 489 2321 si
503 2271 568 2319 non
584 2249 616 2318 in
632 2272 670 2317 eo
684 2252 850 2338 repensat
866 2271 929 2335 quo
941 2246 1011 2316 heac
1023 2246 1152 2314 habet.»

133 2359 148 2446 (
163 2356 273 2446 Epist.
294 2358 347 2428 nfi-
365 2357 412 2430 cd
422 2355 547 2425 Liceat.
562 2369 617 2422 a!
630 2359 679 2446 5.)

177 2462 279 2551 Cujus
293 2463 419 2552 pietatis
435 2475 522 2529 tanta
540 2463 632 2531 brevi
646 2464 762 2531 enituit
776 2465 893 2554 gloria,
907 2477 943 2530 ut
959 2467 1025 2556 ipsl
1039 2461 1161 2533 Natalis
1269 2464 1270 2472 ’

126 2568 327 2650 'Dominidie
342 2575 360 2634 a
376 2569 605 2637 Barcinonensi
626 2569 751 2660 populo
762 2583 871 2660 raptus
892 2571 926 2637 in
946 2569 1163 2638 sacerdotium

131 2674 367 2764 postularetur,
385 2674 471 2764 quod
482 2675 600 2754 invitus
615 2675 690 2744 licet
704 2675 868 2767 hLampio
887 2677 1049 2766 suscipere
1066 2697 1163 2748 eoaa⁶
1194 2729 1199 2737 .

134 2793 187 2848 tus
207 2793 256 2847 est
271 2804 356 2850 anno
378 2783 453 2869 595.
479 2782 559 2849 Inda
579 2806 663 2849 anno
673 2783 828 2871 sequenti
848 2781 973 2849 ltaliam
989 2793 1161 2871 repetens,
1271 2801 1274 2808 ·

136 2889 344 2958 Ambrosium
360 2888 548 2966 Florentiae,
565 2889 646 2956 datis
657 2891 796 2958 invicem
812 2891 960 2958 amicitis
976 2889 1098 2980 signis,
1117 2889 1164 2954 in-

133 2997 236 3066 visere
251 2995 375 3086 gavisus
395 3007 452 3079 est.
474 2994 583 3063 Romae
600 2995 685 3062 Cleri
700 2997 818 3064 invidis
835 2998 1030 3086 exagitatus,
1049 2993 1164 3062 Nolam

132 3124 167 3166 se
179 3102 318 3191 recepit,
333 3100 388 3168 uhi
397 3101 534 3190 peractis
549 3125 624 3168 cum
636 3126 736 3169 uxore
751 3101 903 3170 Therasid
912 3101 997 3168 inter
1007 3103 1080 3170 vitae
1092 3123 1164 3166 mo-

131 3209 262 3278 nasticae
278 3209 427 3294 exercitia
443 3210 629 3298 quindecim
643 3213 750 3288 annis,
778 3211 924 3300 ejusdem
939 3212 1028 3278 urhis
1043 3211 1165 3300 episco-

132 3341 193 3408 pus
211 3331 416 3386 consecratus
429 3331 477 3386 est
489 3342 573 3385 anno
589 3323 663 3408 409.
684 3320 865 3388 Gothorum
883 3320 1011 3408 primo,
1032 3319 1087 3406 qui
1104 3317 1166 3384 No·

132 3424 199 3500 lam
214 3427 316 3517 ipsam
332 3439 593 3516 occupaverunt,
619 3427 856 3494 incursionibus
872 3425 1058 3514 aliquandih
1075 3447 1166 3492 vexa·
1253 3437 1273 3473 ,·

130 3541 203 3606 tus,
217 3529 437 3619 episcopatum
448 3535 558 3620 postea
570 3529 704 3619 pacifice
716 3531 859 3618 exercuit
874 3535 976 3618 usque
989 3529 1031 3596 ad
1043 3553 1165 3596 annum
1196 3559 1200 3566 ·

130 3635 220 3715 451,
237 3659 302 3722 quo
319 3637 470 3704 advitam
485 3635 653 3712 meliorem
665 3648 797 3704 vocatus
814 3648 871 3702 est.

177 3739 347 3818 llahentur
363 3739 395 3808 S.
416 3740 559 3812 Paulini:
579 3754 623 3807 1.⁶
635 3741 793 3831 Epistola
808 3741 1009 3830 complores,
1031 3763 1166 3828 quarum

130 3849 242 3918 nescio
267 3855 375 3916 utrum
397 3848 517 3938 aliquid
533 3849 707 3940 jucundius
729 3849 792 3940 legi
807 3850 906 3938 possit
918 3875 928 3926 ;
955 3861 1000 3916 a.⁰·
1024 3847 1166 3916 Plurima
