2956 4586
617 359 629 440 l
654 365 690 425 11
717 362 729 442 l

150 481 261 594 apud
278 483 383 591 ipsos
393 481 655 590 Areopagitas
674 480 920 590 praedicaret,
940 511 1049 565 nunc
1065 479 1197 566 fratri-

149 609 226 688 bus
258 603 526 687 valefaciendo
557 623 619 686 tot
639 624 853 716 tantosque
877 607 1013 709 fletus,
1035 607 1134 690 flens
1158 629 1198 690 et

150 735 247 842 ipsc,
260 733 462 833 excitaret,
473 761 581 812 nunc
592 735 824 840 praesertim,
838 733 950 844 quod
967 734 1095 814 multo
1113 763 1197 815 ma·

151 860 210 966 gis
233 857 462 938 mirandum
489 877 563 960 est,
586 859 641 936 ite
670 859 840 939 rudibus
866 860 1000 940 verbis
1016 862 1198 941 omnium

151 983 306 1064 animos
334 983 533 1082 alliceret,
557 1001 603 1062 ut
632 1017 651 1058 «
681 983 841 1082 Plures,
853 984 981 1094 juxto
1007 986 1201 1066 Bossuett‘i

153 1143 171 1182 s
200 1106 712 1212 efJ‘otum,se1ni-barharus
733 1109 800 1188 ille
821 1109 1014 1188 Ecclesias
1037 1111 1199 1190 Christo

154 1268 173 1308 a>
202 1233 390 1332 erexerit,
411 1233 533 1340 quam
552 1229 667 1311 divus
690 1231 804 1311 Plato
827 1231 904 1311 sibi
930 1235 1110 1340 unquim
1134 1232 1200 1312 de-

152 1393 172 1432 a
200 1357 330 1435 vinxi-t
364 1353 582 1463 discipulos
605 1355 648 1433 ¹?
678 1388 696 1428 a
728 1343 873 1434 Nonne
901 1356 1094 1464 eloquens
1117 1375 1202 1436 erat

153 1483 337 1588 Syriacus
346 1481 547 1588 Ephraem,
558 1478 649 1560 etun
661 1480 758 1558 hinc
772 1497 971 1560 extremos
983 1481 1094 1560 orbis
1105 1481 1200 1576 dies,

155 1604 479 1712 horrendamque
489 1605 667 1713 supremi
678 1603 828 1684 ludicis
840 1606 1092 1714 majestatem,
1109 1607 1203 1685 irre-

154 1729 345 1810 vocabilis
376 1730 580 1808 sententiae
607 1746 779 1807 terrores
805 1727 1064 1836 proferentis3
1090 1729 1201 1810 illmc

154 1872 371 1962 stuporem,
384 1855 563 1960 gemitus,
581 1852 776 1956 lacrymas
789 1851 1051 1960 planctusque
1066 1881 1203 1960 pecca-

156 1998 305 2077 torum,
325 1976 468 2086 procul
484 1978 507 2054 a
527 1975 616 2055 coeli
635 1973 802 2073 deliciis,
818 2005 922 2084 quos
940 1979 1054 2055 vanis
1074 1980 1203 2085 preci·

155 2101 233 2184 bus
242 2103 491 2212 repetebant,
505 2102 549 2178 in
558 2098 782 2208 profundos
802 2101 903 2206 ignis
919 2103 1203 2212 sulphurisque

156 2230 267 2308 lacus
282 2227 528 2324 cadentium,
545 2226 598 2337 itit
616 2224 670 2302 ob
690 2225 828 2303 oculos
843 2226 985 2334 populi
1006 2227 1202 2308 audientis

156 2370 342 2463 poneret,
363 2368 410 2428 ut
436 2376 570 2428 omnes
592 2365 631 2427 et
654 2367 887 2448 tremerent,
918 2368 957 2428 et
984 2350 1142 2449 flerent,
1163 2371 1203 2431 et

157 2475 450 2558 exclamarent?
473 2474 619 2552 Nonne
640 2473 831 2582 eloquens
856 2491 941 2553 erat
965 2473 1072 2582 apud
1093 2477 1203 2566 Grae-

158 2633 226 2684 cos
244 2602 418 2680 loannes
434 2597 741 2704 Chr'ysostomus
761 2599 805 2676 in
823 2599 1013 2706 praeclari
1032 2599 1101 2678 illei
1114 2600 1145 2678 F
1148 2599 1202 2676 la-

158 2729 267 2809 viani
292 2725 343 2805 ad
371 2721 645 2803 Theodosium
676 2723 881 2822 oratione,
909 2725 1011 2831 quel,
1043 2741 1202 2807 sanctus

160 2850 364 2951 PontifeX,
383 2851 598 2958 spirantem
619 2847 752 2927 adhdc
776 2848 975 2926 minarum
995 2867 1031 2928 et
1054 2851 1200 2928 ccedis²

161 2980 386 3090 principem
409 2971 460 3053 ad
477 2958 790 3052 misericordiam
812 2975 893 3051 tam
912 2973 1068 3054 sortiter
1087 2969 1205 3054 simul

162 3105 414 3211 suaviterque
436 3097 633 3178 inflectit?
657 3097 801 3176 Nonne
829 3097 990 3178 tandem
1016 3100 1206 3207 eloquens

163 3249 248 3312 erat
268 3230 339 3338 qui
362 3227 538 3336 primum
573 3220 680 3331 apud
704 3223 869 3302 Latinos
896 3225 1048 3332 ingenii
1074 3227 1205 3306 locum

164 3341 331 3463 adeptus
349 3369 408 3432 est
423 3348 682 3455 Augustinus
699 3345 789 3426 ciem
799 3349 983 3426 convivia
998 3349 1065 3429 illa
1077 3367 1116 3429 et
1129 3351 1206 3429 sal-

164 3480 344 3578 tationes,
355 3504 443 3585 quae
453 3472 627 3553 tumulos
642 3471 864 3579 Martyrum
878 3467 1206 3572 dehonestabant,

167 3604 310 3698 iterum
337 3601 560 3709 iterumque
580 3627 803 3707 aggressus,
831 3597 1006 3706 primhm
1025 3601 1205 3705 plausuS,
1258 3675 1266 3694 Ι

167 3757 268 3837 quos
287 3742 571 3824 contemneret,
585 3721 729 3802 deinde
744 3721 1207 3830 lacrymas,quibusspe·
1231 3810 1233 3816 ¹
1310 3745 1311 3748 ’

206 3923 214 3949 ¹
228 3915 341 3979 metuet,
354 3913 469 3993 panegyr.
481 3909 545 3963 des.
563 3907 628 3960 Paul.
645 3932 676 3944 —
691 3910 765 3961 ’Act
780 3919 815 3968 tx,
834 3922 856 3955 t.
