2990 4570
559 361 697 448 (255)

116 492 288 583 disciplinis
306 493 473 588 uberrime
495 495 688 572 instructus,
706 495 910 588 philosophia
932 483 1065 587 potens,
1086 500 1148 566 bis·

115 601 204 667 toriae
217 621 314 667 sacrae
329 611 362 664 et
376 599 517 688 profanas
534 601 765 690 peritissimus,
783 604 886 692 poetis
903 589 1149 693 oratoribusque

79 779 82 784 ¹
113 704 179 770 sive
194 703 306 794 graecis
318 705 384 772 sive
394 703 499 772 latinis
512 705 656 793 quodam
665 705 763 774 modo
775 706 960 785 familiaris,
974 710 1149 798 puritatem

115 808 232 899 eloquii
259 832 335 876 cum
362 807 596 878 sententiarum
627 811 777 879 acumine
805 812 942 882 feliciter
969 815 1145 882 consociat.

119 916 207 996 Quas
224 915 425 1008 discutiendo
437 918 564 1008 scripsit
576 919 726 1010 epistolas
745 919 796 986 vel
812 933 967 988 tractatus
986 923 1149 988 orationes

116 1025 190 1088 vere
206 1019 335 1100 dixeris,
344 1022 378 1087 in
394 1021 510 1111 quibus
526 1047 657 1090 omnem
673 1023 865 1113 eloquentiae
884 1025 1150 1102 vimeneriam-

115 1127 198 1194 reuti
210 1125 341 1204 similis,
359 1129 414 1216 qui
431 1130 595 1219 oppositos
614 1130 674 1196 sibi
687 1130 797 1197 obices
809 1153 875 1197 nou
882 1129 968 1198 lento
975 1133 1149 1198 corrodens

115 1236 293 1312 imminuit,
310 1233 368 1302 sod
388 1234 545 1302 violenter
560 1235 703 1304 insiliens
722 1237 892 1304 disturbat.
916 1237 1149 1308 Vehementior

10 1417 13 1429 ,
114 1341 304 1432 aliquando,
328 1365 390 1409 nec
411 1342 610 1410 adversarios
637 1339 848 1434 dignoscere,
872 1369 934 1413 nec
956 1346 1090 1412 modum
1116 1347 1150 1412 in

116 1449 252 1518 dicendo
274 1463 385 1516 tencre
402 1448 507 1527 valet,
525 1451 582 1517 sed
597 1457 658 1540 qua
676 1451 739 1518 lert
754 1453 914 1542 impetus,
939 1447 1002 1522 hirc
1017 1453 1151 1520 infrenis

114 1556 274 1646 irrumpit.
293 1557 378 1624 Hinc
393 1556 507 1646 saepius
524 1558 557 1622 in
572 1559 642 1647 ejus
657 1559 784 1647 scriptis
801 1558 848 1626 illi
869 1559 1093 1626 desiderantur
1109 1558 1150 1626 li-

113 1686 170 1728 nes
181 1711 191 1739 ,
201 1685 287 1750 quos
306 1663 398 1730 uitrd
414 1663 565 1750 citraque
580 1664 697 1749 nequit
711 1666 889 1732 consistere
904 1683 1042 1732 rectum.
1064 1667 1151 1734 Dirm

115 1767 330 1856 virginitatem
342 1766 479 1844 exaltat,
495 1750 737 1833 matrimonium
753 1769 926 1843 damnare;
944 1771 1023 1837 dum
1039 1772 1151 1839 diaco·

115 1899 233 1942 norum
249 1875 432 1964 superbiam
451 1875 640 1952 insectatur,
659 1876 873 1964 praesbyteros
895 1878 1052 1967 episcopis
1070 1903 1151 1946 cou—
1232 1899 1237 1914 ·

114 1980 219 2056 serre3
236 1979 314 2048 ddm
329 1981 402 2047 vitae
416 1981 601 2048 monasticae
620 1983 824 2048 sanctitatem
840 1983 1002 2059 vindicat,
1019 1995 1151 2050 caeteros

115 2087 189 2153 vitae
205 2086 386 2154 christianae
401 2098 502 2154 status
521 2087 693 2176 reprobare
708 2085 845 2156 videtur.
868 2088 1000 2179 Origeni
1011 2089 1152 2178 ejusque

116 2189 281 2280 discipulis
304 2191 484 2267 infensum,
501 2189 695 2280 quibusdam
718 2205 825 2258 tamen
850 2193 998 2281 ejusdem
1025 2193 1152 2284 placitis

115 2295 280 2390 adhaerere
297 2295 454 2363 crederes.
471 2294 525 2361 Sic
537 2318 566 2362 v.
583 2321 614 2384 9.
631 2297 669 2360 in
688 2297 886 2387 proplietam
901 2295 1038 2365 Nabum
1058 2297 1153 2366 docet
1181 2289 1203 2342 '-

116 2402 237 2492 eosqui
249 2401 298 2470 vel
311 2408 393 2492 aquai
405 2403 438 2469 iu
455 2401 574 2470 diluvio
586 2400 637 2468 vel
649 2403 723 2492 igne
735 2403 807 2471 coeli
823 2405 857 2470 in
870 2403 1091 2474 Sodomorum
1101 2430 1153 2472 ex-

117 2495 203 2578 cidio
219 2510 386 2599 perierunt
407 2522 618 2601 peccatorum
638 2511 765 2576 veniam
788 2511 886 2578 luisse
904 2513 1057 2602 adeptos,
1078 2519 1154 2580 clim

116 2619 204 2686 Deus
225 2617 389 2709 duplic'em
409 2642 540 2708 poenam
561 2617 618 2684 uni
635 2629 770 2707 peccato
792 2641 859 2684 non
882 2618 1015 2709 inlligat.
1045 2618 1099 2685 Sic
1121 2619 1154 2684 in

17 2719 20 2723 ’
115 2736 257 2792 tractatu
265 2726 305 2791 da
315 2725 390 2814 filio
402 2726 546 2817 prodigo
554 2722 694 2815 Angelos
705 2739 843 2814 peccare
859 2747 954 2813 posse
966 2723 1151 2798 coutendit;

116 2831 210 2898 sicin
222 2829 389 2898 Danielem
404 2844 437 2898 et
455 2830 644 2908 lllichaeam,
662 2831 755 2920 regni
773 2829 862 2896 mille
879 2853 1041 2896 annorum
1058 2829 1155 2896 fabu-

116 2935 258 3002 lemnon
270 2935 369 3003 semel
381 2937 507 3024 repetit.
519 2937 586 3004 Nec
597 2935 805 3003 admittendae
817 2935 879 3002 illae
891 2937 1072 3026 opiniones,
1086 2937 1155 3026 qui·

116 3041 181 3108 bus
193 3041 301 3108 omnia
313 3047 444 3131 prorsus
453 3041 635 3130 juramenta
645 3041 742 3106 etiam
755 3039 897 3130 legitima
910 3041 1033 3131 rejicit,
1043 3039 1155 3108 laudat

117 3148 243 3236 eosqui
258 3146 588 3214 servandaecastitatis
601 3147 706 3213 studio
725 3147 929 3238 sibimetipsis
946 3161 1086 3214 mortem
1103 3150 1155 3216 in·

116 3255 246 3331 ierunt,
270 3277 331 3322 uec
357 3253 535 3351 inculpatas
558 3253 657 3319 babet
679 3251 850 3330 mulieres,
884 3276 955 3342 quae
978 3253 1156 3320 Pharisaeo-

116 3386 208 3439 rum,
217 3374 255 3428 ut
268 3374 374 3452 putat,
388 3385 478 3428 more
489 3359 609 3427 Cruces
621 3357 671 3425 vel
683 3359 761 3425 alias
778 3381 884 3426 sacras
898 3360 1054 3448 imagines
1070 3359 1154 3426 collo

119 3492 280 3561 appensas
288 3481 412 3559 gestare
424 3479 549 3534 curant.
566 3466 639 3533 Non
648 3473 725 3532 verb
739 3467 782 3532 ita
795 3466 914 3532 mirum
925 3465 1024 3532 videri
1038 3464 1154 3562 debet,

120 3576 211 3664 quod
228 3576 310 3642 sorte
330 3585 459 3640 tantum
481 3571 591 3638 lumen
612 3570 734 3661 aliquid
749 3564 959 3665 tenebrarum
982 3567 1155 3636 nebulosus

121 3679 338 3754 contraxerit,
355 3684 452 3766 quam
467 3675 555 3764 qubd
565 3688 669 3741 tantas
685 3673 912 3764 mysteriorum
927 3673 1075 3740 tenebras
1091 3673 1155 3738 suis
1204 3699 1207 3710 ,

120 3782 309 3876 splendidus
325 3783 421 3850 radiis
437 3781 574 3849 valuerit
586 3781 758 3848 illustrare.

166 3890 289 3980 Dignus
308 3895 383 3980 ergo
406 3900 439 3954 et
464 3886 555 3967 valde
578 3887 692 3978 dignus
715 3887 951 3973 Hieronymus,
977 3885 1050 3974 qui,
1074 3905 1152 3974 quas
