2956 4586
669 367 799 456 ,(15)

226 489 407 574 omnium
430 485 568 574 oculos
592 485 730 570 Romae
754 504 794 570 et
824 485 1073 574 Athenarum
1100 488 1271 593 divitiis,
1394 533 1397 538 ·

226 617 312 700 falsi
335 613 525 725 arguetur
552 614 691 724 spuria
721 613 796 698 ista
825 613 1020 723 loquendi
1048 615 1197 718 forma,
1226 633 1274 701 ut

141 845 147 852 1
226 739 459 826 deauratum
474 737 620 848 pallet,
636 765 734 822 auro
750 737 1031 848 praefulgente,
1047 741 1273 844 metallum,

228 884 276 952 ut
296 881 529 950 coruscante
550 861 771 949 adamantis
786 864 965 975 fulgore,
984 867 1079 952 vitri
1102 865 1275 956 mendax

228 993 427 1076 evanescit
440 990 562 1072 nitor.
696 984 698 990 ’
965 1011 966 1016 ‘

279 1116 521 1224 Quinetiam
530 1109 623 1196 ciam
632 1114 787 1226 ingenti
797 1113 1275 1226 laborumparvoquesa-

226 1243 436 1325 cerdotum
450 1270 621 1326 numero
634 1241 776 1352 saepius
790 1240 1004 1343 efficiatur,
1022 1260 1088 1344 ut,
1105 1242 1177 1324 vix
1203 1242 1277 1328 ali-

180 1477 182 1482 s
227 1367 508 1478 quodPatrum
518 1368 682 1450 lectioni
692 1383 849 1476 tempus
859 1364 1040 1476 impendi
1048 1365 1277 1476 possit,non

226 1491 447 1604 superfluus
461 1495 538 1576 erit
547 1491 671 1577 Liber
684 1491 762 1594 ille,
772 1488 883 1601 apud
892 1518 1014 1600 quem
1030 1490 1173 1600 magna
1185 1517 1278 1574 eum

227 1618 435 1728 diligentid
454 1613 694 1727 colligentur
716 1618 919 1727 praecipua
943 1635 1172 1704 sanctorum
1202 1620 1278 1704 Pa·
1380 1684 1383 1692 ,

228 1761 337 1825 trum
353 1746 474 1846 facta,
491 1743 838 1851 celeberrimaeque
855 1744 1084 1844 conciones,
1103 1743 1167 1828 vel
1181 1769 1278 1828 oon·

211 1862 213 1872 '
229 1869 697 1976 cionumfragmcnta,ita
706 1884 753 1948 ut
766 1867 930 1950 illorum
943 1869 1279 1978 praeclarissimas-

230 2025 311 2108 que
328 1998 544 2078 sententias
564 2012 675 2075 certo
690 1977 835 2074 ordine
852 1992 1043 2102 digestas,
1062 2023 1146 2076 uno
1166 1996 1280 2106 quasi

229 2122 403 2223 intuitu,
428 2121 491 2202 vel
519 2118 721 2201 studiosus
742 2120 886 2222 lector,
912 2121 974 2201 vel
999 2119 1281 2212 dissertaturus

232 2265 385 2348 orator,
413 2248 476 2326 vel
503 2275 693 2355 magnum
719 2245 886 2356 aliquod
911 2275 1015 2360 opus
1033 2250 1169 2329 animo
1187 2277 1281 2358 per-

234 2371 398 2451 volvens
415 2373 602 2481 scriptum
618 2373 830 2483 complecti
843 2371 981 2454 valeat.
1001 2375 1110 2454 Hinc
1128 2375 1277 2484 triplex

235 2494 441 2577 evidenter
468 2525 659 2608 exurgere
686 2495 960 2602 commodum;
980 2499 1159 2611 primum
1189 2500 1281 2609 qui-

236 2619 328 2703 dem
347 2621 459 2734 quod
480 2615 569 2704 ’sint
595 2652 740 2732 magno
763 2624 961 2707 librorum
986 2641 1184 2740 apparatu
1212 2651 1282 2737 pe-

118 2787 121 2794 ·
236 2749 440 2858 cuniaeque
459 2749 714 2852 detrimento,
733 2753 815 2846 tam
832 2751 1073 2832 venerabilis
1092 2751 1160 2838 illa
1174 2767 1283 2835 vete·

236 2902 328 2955 rum
355 2877 516 2957 canities
538 2893 578 2957 et
600 2875 779 2984 majestas
804 2894 887 2957 tota
901 2877 1020 2958 simul
1037 2878 1129 2957 ante
1148 2877 1283 2958 oeulos

237 3020 462 3110 exponatur
495 3033 503 3082 :
541 3006 760 3084 secundum
791 3003 887 3082 vero
916 3002 1030 3112 qnod
1067 3003 1285 3112 quaerenti,

238 3127 443 3236 quomodo
461 3129 505 3208 in
523 3127 737 3210 tractandis
751 3129 871 3210 variis
887 3131 1118 3211 orationum
1134 3129 1285 3230 formis,

237 3255 509 3375 unusquisque
525 3255 772 3363 processerit,
782 3255 847 3335 vila
862 3255 1208 3365 compendiosiore
1224 3253 1289 3334 de·

240 3396 306 3458 tur
333 3381 538 3488 cognosci;
569 3381 731 3460 tertium
762 3379 938 3489 denique
971 3379 1083 3489 quod
1120 3381 1288 3460 istorum

241 3495 356 3611 quasi
384 3503 624 3585 delibatione
662 3507 831 3604 attracti,
859 3503 913 3614 ,ad
939 3502 1221 3614 perlegendos,
1255 3504 1287 3582 si

244 3629 330 3709 lieri
340 3649 490 3738 potest,
502 3633 675 3738 integros
691 3630 826 3713 saltem
843 3631 1149 3710 clarissimorum
1162 3628 1291 3708 libros

242 3754 519 3835 accendamur.
545 3758 628 3836 Nec
656 3755 761 3834 enim
790 3755 971 3835 Ecclesiae
995 3754 1167 3833 alumnis
1197 3753 1290 3834 satis

178 3910 183 3918 ¹
242 3877 512 3962 honorificum
531 3877 658 3962 videri
681 3877 820 3982 debet,
844 3881 894 3983 si,
914 3879 1011 3962 dlnn
1034 3878 1169 3960 omnia
1188 3876 1290 3958 forte
