2940 4570
781 283 916 388 (ποθ’)

338 461 357 497 s
382 449 419 502 et
430 427 786 530 mmrtuumeio'qoot
799 441 888 529 prius
900 419 1028 526 quidem
1041 457 1107 502 nou
1117 448 1213 513 esset,
1227 457 1290 503 uec
1300 458 1379 524 sup·

339 565 359 604 s
386 553 528 628 peteret,
551 545 707 633 posterius
728 556 836 610 autem
852 538 1150 616 introductum'sin
1173 563 1279 630 neque
1297 545 1381 605 verb

343 675 356 710 ι
387 649 477 716 deest
500 660 640 740 unquam
657 651 754 718 Filius
766 653 799 718 in
814 651 926 727 Patre,
943 671 1048 737 neque
1067 649 1100 716 in
1112 647 1193 716 lilio
1209 647 1376 738 Spiritus:

342 781 358 814 a
390 753 446 819 sed
460 756 674 830 ,immutabilis
695 769 729 823 et
749 754 955 822 inalterabilis
978 753 1093 821 eadem
1118 777 1245 843 semper
1267 749 1380 818 Triui-

342 870 394 925 tas
410 859 495 929 'ests
515 865 526 950 (
536 865 632 956 (ἶνις.
652 865 746 956 Nyso.
766 866 805 928 in
819 865 894 930 citit
911 862 1172 953 Tbnumoturg.)

391 966 475 1034 Hinc
490 977 552 1036 unt
576 995 650 1038 cum
669 972 854 1065 episcopatu
875 969 1017 1058 incipere
1033 967 1189 1058 stupenda
1205 965 1259 1034 illa
1274 967 1380 1034 mira-

346 1075 494 1144 culorum
510 1082 627 1157 series,
647 1081 765 1168 quibus
787 1079 828 1144 ad
848 1077 1097 1168 Thaumctnrgi
1117 1075 1251 1168 gloriam
1268 1097 1382 1140 assur-

345 1184 438 1250 rexit.
455 1183 550 1252 Modo
568 1187 765 1252 demonibus
782 1183 943 1252 silentium
958 1184 1141 1273 imponere,
1159 1181 1256 1248 modb
1267 1191 1381 1246 trans·

348 1289 432 1356 serre
448 1287 586 1381 lapidem
612 1291 708 1360 modb
724 1305 833 1381 stagna
849 1291 882 1358 in
899 1291 1075 1357 siccitatem
1089 1285 1380 1378 redigeret'modb

349 1396 438 1484 aquis
450 1397 722 1476 redundantibus,
740 1398 843 1465 defixa
858 1398 891 1463 in
906 1409 1025 1462 terram
1036 1395 1143 1484 vingt,
1160 1413 1380 1483 magnamque

348 1499 382 1564 in
402 1501 550 1568 arborem
569 1507 780 1570 transmutatis
796 1501 944 1580 ,obicem
960 1521 1125 1590 opponere
1137 1501 1307 1586 nunqubm
1323 1519 1379 1562 su-

349 1606 539 1693 perandum.
578 1609 729 1676 Comana*
767 1608 953 1698 episcopum
987 1627 1177 1674 consecrare
1210 1613 1375 1691 rogatus,

349 1711 567 1782 Alexandrum
581 1717 788 1784 carbonarii
801 1718 931 1783 nomine
946 1727 1075 1792 notum,
1092 1713 1230 1788 deterso,
1243 1733 1308 1798 quo
1321 1709 1379 1775 hu·

351 1821 434 1888 milis
451 1825 640 1914 tegebatur,
658 1825 809 1916 pulvere,
821 1825 863 1892 ad
877 1823 1098 1914 pontificatum
1114 1820 1271 1910 provexit.

396 1933 511 1997 Exortt
536 1933 625 2001 Decii
642 1936 728 2000 eirca
743 1957 795 2000 an.
817 1935 878 2000 250
897 1931 1141 2021 persecutione,
1161 1926 1304 2017 fugiendi
1320 1949 1378 2018 pe·

341 2035 446 2103 'ticoli
462 2037 582 2127 populo
598 2033 711 2106 auctor
724 2039 808 2116 luit,
832 2037 919 2128 quod
934 2039 977 2104 itt
1001 2035 1138 2103 feliciter
1152 2034 1326 2109 successit,
1343 2041 1376 2096 ut

353 2159 449 2205 nemo
465 2144 631 2210 tormentis
643 2141 789 2210 addictus
805 2141 838 2208 in
855 2139 1045 2231 apostasiam
1056 2137 1288 2230 prolaberetur.
1305 2135 1375 2225 Ipse

354 2243 387 2311 in
403 2247 543 2316 vicinum
559 2251 784 2340 desertumque
800 2247 941 2328 collem,
966 2269 1040 2316 cum
1058 2247 1194 2315 diacono
1206 2244 1246 2310 ab
1263 2243 1372 2320 idolis,

355 2373 492 2439 quorum
508 2355 649 2443 primbm
666 2355 813 2422 sacerdos
825 2366 913 2431 erat,
933 2369 1091 2422 convorso*
1098 2349 1223 2418 delituit
1238 2400 1247 2427 ,
1270 2349 1378 2417 obcae·

356 2458 498 2548 natisque
512 2459 772 2550 persequentium
790 2457 890 2527 oculis
905 2510 914 2537 ,
931 2459 985 2548 qui
1002 2457 1150 2524 arborem
1162 2455 1232 2546 ejus
1244 2453 1317 2522 loco
1331 2454 1376 2520 vi-

317 2571 321 2580 '
356 2549 670 2643 dere-crediderant,
688 2563 791 2632 salvus
807 2565 938 2630 tandem
954 2563 1062 2629 evasit.
1326 2543 1329 2560 ¹

258 2729 263 2758 ,
375 2663 1376 2759 ‘Persecutionisvicespestisexcepit,cujusorigineml'austum-

358 2795 420 2862 que
433 2787 583 2840 eventum
597 2775 640 2840 lta
656 2787 765 2840 narrat
777 2773 948 2863 Gregorius
962 2772 1124 2864 Nyssenus
1138 2795 1146 2836 :
1160 2769 1286 2836 «Feriae
1299 2789 1377 2857 quas

358 2905 372 2940 »
403 2879 478 2944 dam
484 2879 860 2969 publicaeetuniversales
872 2879 1004 2946 orantia
1015 2873 1376 2944 urbeDaemouicuidam

359 3009 373 3046 s
404 2983 598 3063 domestico,
622 2987 724 3075 patrio
743 2983 882 3076 quodam
906 2985 971 3050 ritu
988 3007 1026 3051 ac
1042 3005 1132 3050 more
1148 2981 1283 3048 solemni
1297 2978 1379 3048 cole-

360 3115 373 3152 s
403 3089 491 3156 brari
507 3105 687 3170 consuetae,
705 3092 745 3158 ad
763 3112 842 3180 quas
859 3095 922 3156 unb
938 3111 1014 3157 cum
1029 3085 1160 3154 urbanis
1175 3083 1377 3154 celebrandas

359 3221 373 3260 n
403 3196 550 3264 universa
569 3190 801 3286 propemodbm
818 3216 894 3286 gens
910 3217 949 3262 er
963 3198 1030 3260 toti
1042 3199 1079 3260 ea
1094 3191 1225 3282 regione
1239 3189 1378 3258 oonllue·

361 3333 374 3368 ι
405 3301 461 3370 bat
474 3326 483 3372 ε
497 3317 593 3394 atque
604 3329 720 3372 eorum
744 3305 798 3395 qui
821 3303 1058 3372 concurrebant
1072 3302 1234 3370 theatrum
1252 3297 1378 3390 plenum

271 3446 296 3461 ν·
362 3439 375 3473 s
408 3424 495 3490 erat,
514 3423 673 3478 eteorum
689 3411 743 3501 qui
758 3412 910 3500 postremi
925 3404 1377 3477 affluxerautmultitudosub-
1417 3427 1420 3432 ·

362 3543 376 3580 s
406 3511 500 3584 selliis
535 3517 677 3608 undique
703 3515 1017 3606 superfundebatur,
1047 3527 1144 3602 atque
1170 3511 1318 3580 omnibus
1342 3503 1378 3571 ad

363 3650 376 3684 o
407 3621 588 3712 spectacula
604 3635 700 3712 atque
716 3633 897 3699 acroamate
906 3619 1104 3687 orchestram
1120 3617 1236 3685 intueri
1253 3615 1378 3704 cupien-

364 3755 377 3790 s
407 3723 518 3805 tibus,
549 3726 644 3817 plena
675 3739 743 3795 erat
775 3749 870 3795 scena
893 3721 1052 3792 tumultus
1084 3733 1116 3789 et
1145 3717 1376 3810 trepidationis,
1450 3781 1451 3818 ,

364 3831 852 3923 airritaque,prestigiatoribus
864 3827 1122 3916 mirabiliumque
1133 3821 1378 3914 spectaculorum
1450 3833 1451 3918 J
