2990 4570
765 316 904 404 (2⁵⁶)

369 461 431 530 Vix
451 461 622 548 interjecto
647 459 831 550 aliquorum
848 459 973 526 dierum
993 459 1116 550 spatio,
1142 457 1246 524 donec
1264 473 1362 520 com-

324 565 436 656 pletis,
465 589 545 660 quos
569 564 699 654 publice
722 565 883 642 habebat,
913 563 1124 640 lectionibus,
1141 556 1361 628 vendemiales

252 684 254 692 ’
325 672 420 740 serias
436 672 629 760 attingeret,
644 693 729 736 anno
739 671 803 736 586
820 671 853 736 in
867 668 1052 738 Verecundi
1066 669 1199 764 domum
1211 663 1360 739 secessit,

326 791 361 845 ut
375 778 550 870 perquisiti
572 780 673 845 serius
697 779 850 855 veritate,
875 777 916 856 ad
937 777 1176 867 suscipiendum
1198 773 1362 864 baptisma

325 901 581 980 praepararetur‚
596 913 660 979 quo
680 886 812 955 tandem
832 888 900 977 ipso
919 883 1083 976 Pascbatis
1099 897 1246 974 tempere
1261 903 1362 948 sanc-

325 997 466 1066 tificatus
482 1020 569 1062 anno
590 995 894 1093 587sCltristianus
911 991 1103 1061 Catholicae
1124 991 1260 1060 feliciter
1281 1011 1362 1056 era-

326 1105 367 1172 sit
386 1129 394 1170 :
412 1128 478 1171 non
501 1105 544 1170 ita
567 1102 761 1196 multbpost
780 1103 894 1169 amissa
912 1102 952 1168 ad
967 1102 1047 1168 ostie
1064 1101 1215 1168 Tiberina
1231 1110 1361 1172 matre,

326 1198 395 1303 quar
422 1212 489 1302 jam
506 1235 661 1279 converso
682 1210 771 1288 filio,
793 1211 889 1280 netto
905 1211 994 1275 rein
1010 1209 1072 1274 bdc
1086 1211 1161 1276 citet
1176 1205 1364 1276 delectaba-

327 1336 396 1395 tar,
406 1317 591 1407 Thagasten
606 1305 708 1382 redux
723 1327 788 1380 tres
803 1313 943 1380 annosin
955 1313 1086 1402 jejuniis
1101 1325 1135 1379 et
1145 1311 1361 1387 orationibus,

327 1425 406 1514 legis
423 1422 538 1518 divinoe
558 1419 760 1486 meditationi
783 1419 896 1485 diebus
916 1419 1129 1509 noctibusque
1144 1419 1361 1494 incumbens,

329 1529 491 1597 studiosus
508 1537 729 1616 perscrutator
744 1525 953 1615 consumpsit.
974 1524 1047 1602 Sic,
1065 1519 1163 1614 quem
1181 1524 1221 1589 ab
1238 1535 1361 1608 aeterno

329 1631 457 1702 occulti
470 1630 673 1698 Providentia
686 1629 773 1698 Deus
789 1630 926 1698 inscium
938 1631 979 1696 ad
994 1631 1107 1722 primae
1119 1629 1269 1697 Ecclesiae
1284 1653 1362 1696 mu-

251 1757 263 1776 '
327 1765 406 1810 nera
421 1751 612 1817 vocaverat,
626 1736 760 1828 expletis
773 1740 999 1829 temporibusb
1013 1739 1108 1830 longe
1123 1738 1363 1806 sanctissimum

328 1847 474 1939 regendis
498 1844 624 1936 populis
653 1846 860 1937 episcopum,
893 1845 1251 1936 splendidissimumque
1278 1846 1365 1911 irra-

328 1954 446 2022 diando
462 1951 527 2018 late
537 1951 609 2018 orbi
621 1949 731 2016 lumen
743 1974 923 2040 praeparare
936 1951 1116 2019 videbatur.
1341 1949 1347 1956 ’

374 2060 457 2126 Cum
479 2056 567 2124 enim
590 2051 833 2148 Hipponi-regio
850 2057 975 2146 pietatis
1003 2047 1097 2124 eausa
1114 2069 1317 2134 versaretur,
1343 2063 1364 2122 b

327 2163 457 2234 Valerio
485 2163 636 2252 episcopo
661 2173 789 2252 raptus,
816 2176 875 2240 et,
896 2163 973 2252 licet
994 2165 1111 2230 invitus
1133 2177 1166 2231 et
1182 2163 1364 2240 reluctans,

328 2269 504 2358 incipiente
520 2291 606 2333 anno
624 2269 684 2355 591
702 2268 850 2344 sacerdos
866 2283 1072 2337 consecratus
1091 2283 1149 2338 est.
1170 2271 1238 2340 Nec
1249 2257 1364 2338 tamen

330 2373 482 2465 angelicis
509 2373 607 2439 etiam
629 2373 773 2439 humeris
794 2375 999 2442 tremendum
1022 2377 1129 2442 statim
1144 2366 1365 2444 ministerium

207 2527 211 2538 ·
284 2543 288 2550 .
329 2481 449 2550 adoriri
465 2481 617 2547 sustinuit
625 2505 634 2556 ;
651 2481 708 2548 sed
723 2481 756 2548 in
773 2481 979 2552 solitudinem
994 2485 1101 2552 denub
1117 2473 1218 2574 usquc
1229 2485 1271 2550 ad
1285 2485 1363 2552 Pas-

305 2660 309 2675 ,
331 2590 394 2660 cha
416 2613 450 2656 se
468 2588 610 2678 recepit,
627 2599 663 2653 ut
681 2587 830 2677 perlectis
852 2591 968 2656 iterum
989 2591 1106 2658 sanctis
1124 2590 1363 2680 Prophetarum

331 2693 515 2771 codicibus,
538 2693 814 2790 sanctioribusque
835 2693 1082 2786 Evangeliorum
1098 2694 1207 2772 libris,
1224 2693 1266 2760 ad
1282 2717 1364 2783 pro·

329 2800 503 2894 pugnanda
526 2800 601 2866 fidei
626 2799 812 2874 Christianae
840 2801 988 2893 dogmata
1012 2799 1166 2893 tanquam
1187 2824 1364 2894 generosus

329 2904 423 2974 miles
447 2905 680 2994 accingeretur.
717 2906 809 2974 Unde
838 2903 1015 2997 praesertim
1041 2908 1209 2975 attendere
1238 2907 1360 2983 datur,

331 3011 547 3101 Augustinum
563 3008 672 3088 illum,
690 3012 769 3077 tanti
787 3012 905 3102 ingenii
920 3013 1025 3078 virum
1040 3065 1048 3090 ,
1066 3013 1121 3102 qui
1132 3023 1233 3078 totam
1244 3013 1365 3099 juven-

330 3129 434 3183 tutem
449 3114 499 3182 vel
515 3104 718 3194 ediscendae,
743 3115 793 3183 vel
808 3118 907 3185 etiam
923 3115 1077 3184 docendae
1092 3115 1282 3206 eloquentiae
1297 3117 1365 3184 im-

330 3225 505 3317 penderat,
525 3247 627 3290 unum
640 3237 747 3290 tamen
764 3237 838 3290 ante
853 3227 1032 3315 baptisma,
1049 3238 1114 3292 tres
1129 3230 1267 3292 autema
1279 3225 1364 3314 bap-

331 3334 459 3402 tismate
480 3338 581 3422 usquc
603 3331 644 3428 ad
662 3333 879 3400 sacerdotium
902 3357 1023 3411 annos,
1052 3357 1106 3400 sex
1128 3334 1265 3422 denique
1289 3357 1365 3414 sus7

331 3453 429 3529 cepto
445 3439 614 3505 sacerdotii
630 3427 728 3506 onere
748 3462 874 3506 menses
894 3441 928 3506 in
944 3439 1055 3506 labore
1070 3453 1102 3506 et
1117 3462 1244 3506 secessu
1257 3441 1365 3506 conti-

277 3611 280 3620 ,
331 3570 412 3615 nuos
423 3546 649 3636 pertransisse,
667 3551 838 3634 antequam
857 3547 1000 3614 Domini
1008 3547 1163 3634 justitias
1177 3571 1338 3613 enarrare
1352 3599 1363 3625 ,

331 3668 362 3718 ct
377 3653 691 3738 testamentumque
702 3674 764 3740 per·
776 3674 812 3717 os
826 3675 923 3718 sctum
936 3673 1101 3718 assumere
1116 3663 1297 3718 attentaret.

298 3741 308 3757 ’
376 3755 460 3822 Tum
480 3754 634 3832 demum,
656 3753 732 3822 licet
761 3755 868 3826 adhuc
895 3756 1043 3825 sacerdos
1069 3781 1193 3826 sacram
1219 3757 1364 3826 ascendit

263 3897 265 3904 ⁴
336 3859 524 3935 cathedram
542 3859 762 3950 Augustinus,
781 3875 893 3930 contra
910 3862 1024 3932 Atricae
1040 3861 1191 3934 Ecclesia
1209 3887 1333 3932 morem
1351 3914 1362 3941 ,
1425 3923 1429 3932 .
