2956 4586
819 315 931 401 (54)

356 451 454 528 fides,
472 453 523 520 oui
541 451 716 518 assentiunt
743 449 936 518 Athanasius
961 449 1168 542 (DsSyaod.
1180 451 1191 538 )
1204 501 1212 526 ‚
1227 447 1387 538 Origenes

336 558 510 645 suomet
535 557 566 622 o.
594 558 631 622 iss
657 556 824 644 Lucam),
849 569 882 622 et
909 555 1068 625 facundus
1094 553 1273 625 Antioohiae
1297 557 1385 646 epis-

358 687 457 752 copus
466 675 672 729 consecratus
684 675 753 738 est,
769 685 865 751 quam
880 685 937 752 per
949 660 1272 751 quadragintaannos
1287 675 1320 728 et
1333 689 1386 728 sa·

356 771 473 860 pientii
490 771 629 860 prudens
645 770 897 845 administravit,
911 781 945 834 et
956 767 1109 858 exemplis
1120 782 1249 836 sanetus
1261 769 1302 834 ad
1320 771 1385 834 iir-

345 890 456 943 ,tutem
470 876 661 943 informavit.
677 875 866 942 Domitianas
874 875 1088 966 persecutioni
1101 875 1184 940 inter
1196 875 1384 964 quotidiana

355 985 425 1048 vitae
440 980 581 1072 pericula
602 980 793 1048 mirabiliter
812 993 990 1072 superstes,
1013 979 1144 1070 Trajani
1161 979 1304 1048 furorem
1324 981 1385 1046 ‹le-

355 1089 473 1158 clinnre
487 1069 565 1154 'non
592 1089 708 1177 potuit.
730 1087 812 1154 cnm
832 1088 919 1154 enim
936 1087 988 1155 illo
1016 1111 1067 1154 sn.
1097 1111 1156 1176 ¹⁰7
1178 1087 1383 1156 Antiochiam
1455 1093 1461 1112 ⁴

354 1198 550 1273 devenisset,
563 1197 687 1286 jussum
699 1201 773 1262 anth
787 1194 929 1264 tribunal
944 1208 1028 1262 stare
1045 1185 1205 1286 Ignatiirm
1216 1197 1259 1262 ita
1275 1197 1383 1262 verbis

295 1387 296 1390 Ἴ
354 1305 573 1375 acerbioribus
589 1305 785 1394 increparit:
804 1332 816 1366 a
830 1303 911 1386 Quis
920 1327 953 1369 es
963 1353 972 1382 ‚
983 1303 1085 1392 inquit
1095 1305 1134 1381 „d
1148 1303 1381 1379 Cacodaemon,

354 1443 367 1474 s
398 1414 453 1504 qui
465 1425 571 1478 nostra
583 1411 732 1477 mandata
746 1407 922 1500 transgredi
932 1407 1084 1506 eniteris?
1096 1409 1183 1492 Quin
1192 1409 1379 1488 etiamaliis,

353 1549 365 1582 s
397 1533 432 1585 ut
456 1519 541 1586 idem
564 1532 679 1608 agant,
705 1517 838 1595 suades,
863 1544 927 1608 quo
953 1526 1069 1609 nempe
1096 1519 1211 1586 misere
1233 1531 1376 1608 pereant.

353 1655 365 1685 ι
396 1626 537 1716 ignatius
557 1625 654 1691 dixit:
676 1625 778 1716 Nemo
796 1625 1027 1718 Theopborum
1044 1625 1303 1692 cacodaemonem
1322 1652 1380 1716 ap-

355 1760 366 1793 s
396 1729 504 1820 pellat.
527 1729 714 1797 Abscedunt
732 1731 820 1797 enim
836 1731 997 1798 daemones
1018 1738 1036 1796 h
1055 1731 1151 1798 servis
1173 1731 1249 1806 Dei,
1262 1733 1288 1797 si
1304 1741 1379 1799 verb

352 1866 365 1897 s
397 1836 600 1928 quod-gravis
612 1835 672 1902 illis
690 1861 784 1912 sum,
801 1849 833 1908 et
850 1859 902 1902 me
919 1835 1039 1902 malum
1055 1837 1205 1902 adversius
1218 1837 1377 1904 daemones

352 1975 364 2005 s
396 1942 556 2035 appellas,
574 1943 654 2030 illud
670 1958 778 2012 tecum
794 1943 907 2012 sateor.
932 1942 1096 2012 Christum
1120 1945 1227 2023 enim,
1241 1947 1296 2034 qui
1313 1970 1379 2013 coe-

354 2080 366 2112 s
397 2050 484 2116 lestis
511 2074 567 2114 rex
582 2063 646 2124 est,
668 2049 807 2126 habens,
825 2049 953 2116 illorum
970 2052 1099 2117 insidias
1124 2051 1271 2117 dissolvo.
1299 2051 1379 2119 Tra-

353 2183 366 2218 s
398 2155 491 2244 janus
504 2155 600 2220 dixit:
614 2157 653 2220 Et
665 2156 734 2244 quis
747 2169 794 2222 est
805 2155 1015 2248 Theophorus
1026 2159 1190 2250 lignatius
1199 2161 1378 2250 respondit:

353 2289 365 2320 s
397 2259 451 2350 qui
466 2258 628 2326 Christum
646 2259 743 2327 babet
759 2261 792 2326 in
807 2273 949 2350 pectore.
964 2259 1122 2352 Trajanus
1135 2259 1213 2328 dixit
1231 2289 1239 2329 :
1259 2257 1309 2331 An
1326 2267 1381 2354 igi·
1459 2343 1460 2350 ἵ

353 2393 366 2425 s
398 2375 451 2430 tnr
478 2363 536 2430 tibi
558 2363 704 2431 videmur
726 2363 811 2432 Deos
835 2367 867 2433 in
886 2361 995 2434 mente
1018 2391 1083 2433 non
1105 2365 1379 2460 habere„quibus
1459 2353 1460 2394 l

352 2499 364 2530 s
396 2470 493 2536 etiam
516 2459 808 2560 propugnatoribus
832 2472 983 2538 adversius
999 2471 1106 2539 hostes
1123 2473 1267 2540 utimur?
1283 2477 1381 2567 lgna·
1400 2479 1410 2488 ”

349 2575 454 2640 s‘tius
477 2575 575 2643 dixit:
605 2577 757 2644 Gentium
781 2579 942 2676 daemones
970 2579 1054 2646 Deos
1082 2605 1194 2647 errans
1221 2583 1374 2673 appellas.
1455 2598 1457 2609 '

348 2714 361 2743 s
395 2683 483 2748 Unus
509 2685 596 2750 enim
617 2697 665 2750 est
689 2686 774 2750 Deus
801 2687 856 2774 qui
875 2683 953 2753 lecit
982 2687 1101 2754 ooelum
1127 2701 1159 2756 et
1188 2704 1327 2768 terram,
1345 2706 1380 2757 et

349 2819 361 2849 s
392 2811 501 2866 mare,
518 2804 550 2856 ot
568 2793 675 2870 omnia
690 2815 761 2880 quae
775 2793 808 2860 in
829 2794 905 2882 ipsis
921 2795 1129 2865 continentur
1140 2819 1159 2876 ,·
1172 2812 1269 2888 atque
1292 2823 1379 2865 unus

349 2923 361 2954 s
393 2907 441 2960 est
463 2893 609 2961 Christus
631 2896 744 2974 lesus,
761 2895 846 2964 filius
862 2899 921 2966 Dei
947 2904 1147 2990 unigenitus,
1166 2906 1259 2994 enjus
1275 2930 1377 2995 regno

348 3027 361 3059 s
393 2999 516 3064 utinam
532 3002 644 3090 patiar.
661 3001 819 3090 Trajanus
830 3005 927 3072 dixit:
943 3006 1039 3074 lllum
1055 3009 1134 3076 dicis
1150 3012 1205 3100 qui
1217 3010 1276 3076 sub
1289 3009 1378 3076 Pon-

348 3134 361 3166 s
392 3105 558 3172 tio-Pilato
585 3108 755 3174 crucifixus
780 3111 849 3176 esti
873 3112 1013 3203 ignatius
1040 3115 1141 3182 dixit:
1161 3115 1257 3182 Illum
1280 3115 1376 3194 dico,

349 3241 362 3272 s
393 3213 446 3300 qui
463 3233 571 3280 meum
588 3228 758 3304 peccatum
774 3241 849 3286 oum
862 3243 919 3288 suo
933 3223 1097 3289 inventore
1114 3223 1293 3302 crucifixit,
1307 3208 1380 3291 oris*-
1458 3231 1459 3244 ¹

349 3347 362 3380 s
394 3340 532 3408 nemque
542 3321 754 3388 daemonicum
764 3329 905 3394 errorem
918 3335 949 3394 et
958 3329 1133 3409 malitiam,
1147 3329 1275 3397 illorum
1287 3331 1380 3422 pedi-

348 3453 362 3485 s
391 3425 452 3491 bus
468 3433 524 3492 sui
540 3429 695 3494 sententia
711 3431 869 3519 subjecit,
889 3436 943 3522 qui
960 3437 1064 3525 ipsum
1081 3438 1114 3504 in
1130 3439 1228 3505 cordo
1243 3453 1375 3529 gerunt.

348 3560 360 3592 s
390 3531 550 3620 Trajanus
566 3533 663 3600 dixit:
682 3529 731 3600 Tu
762 3546 838 3628 ergo
868 3541 901 3606 in
922 3543 1024 3632 teipso
1055 3543 1245 3611 crucifixum
1267 3547 1380 3635 geris?

349 3663 362 3694 s
394 3633 535 3724 ignatius
547 3637 625 3703 dixit
635 3661 643 3702 :
655 3634 757 3705 Etiam
766 3667 775 3716 ;
791 3645 946 3733 scriptum
959 3649 1119 3714 ostenim:
1132 3649 1326 3788 inhabitspbo
1339 3653 1381 3716 in
1458 3629 1459 3672 ³

347 3769 360 3800 s
393 3741 472 3828 ipsis
491 3741 521 3807 st
536 3743 751 3810 inambulabo
773 3748 847 3834 (ιι.
868 3749 1012 3818 Corinth.
1042 3774 1070 3820 o.
1091 3755 1121 3820 6.
1148 3777 1176 3820 v.
1204 3755 1260 3822 16.
1293 3753 1379 3848 Tra5

348 3859 369 3908 s‘
392 3848 487 3934 janus'
501 3851 689 3917 sententiam
705 3857 941 3943 pronuntiavit:
961 3859 1106 3950 ignatius
1118 3860 1227 3950 qui'in
1250 3887 1284 3931 se
1303 3867 1378 3956 ipso
