2940 4570
536 379 666 468 (¹⁵⁹)

42 579 43 584 ,
84 539 151 604 qno
167 519 337 584 creationis
352 517 420 583 dies
435 541 500 584 non
520 525 538 585 la
559 542 690 610 vespere
709 519 766 587 sed
788 527 805 585 t
833 520 968 590 meridie
987 522 1113 588 initium

84 620 261 706 sumpsisse
274 618 492 686 demonstrare
508 633 655 690 conatur.

132 725 310 815 Scripserat
324 728 421 792 etium
443 727 533 816 juxta
557 727 790 816 Hieronymum
812 728 1060 794 commentarios
1080 726 1113 790 in

89 829 123 894 S.
143 828 299 906 Paulum,
322 829 361 894 de
377 829 492 917 quibus
507 831 551 896 itt
567 827 709 918 loquitur
724 827 941 896 Trithemius:
963 857 978 890 a
1000 827 1115 898 Victo-

89 961 102 994 »
133 935 245 1018 rinus,
272 933 472 1002 Massiliensis
488 935 624 1012 rhetor,
645 935 694 1002 vir
716 935 749 1000 in
775 934 972 1002 secularibus
1000 933 1115 999 litteris

92 1068 105 1100 o
134 1041 378 1119 eruditissimus,
392 1043 424 1106 in
437 1041 610 1129 Scriptnris
619 1041 738 1108 sanctis
747 1039 920 1107 admodum
932 1041 1112 1115 studiosus,

92 1175 105 1206 o
134 1159 268 1212 conatus
286 1159 334 1212 est
352 1159 476 1213 sanctas
500 1147 680 1236 Scripturas
697 1169 877 1236 exponeret
903 1147 959 1212 scd
981 1143 1116 1212 seculari

92 1280 104 1311 s
132 1249 554 1342 litteraturdocoupntus,et
564 1276 714 1342 campum
725 1252 1117 1342 divinorumeloquiorum

91 1383 104 1415 o
133 1356 204 1422 sine
227 1369 427 1445 praeceptore
443 1357 622 1446 ingressus,
639 1356 726 1447 qnod
748 1356 849 1423 voluit
878 1377 944 1422 nnn
970 1355 1114 1444 perfecit.

93 1487 106 1518 »
136 1459 229 1524 Unde
245 1480 317 1554 qum
333 1461 459 1548 scripsit
472 1461 625 1550 opuscula
635 1461 818 1528 Christiano
833 1460 961 1550 quidem
969 1480 1077 1537 sensu,
1087 1471 1120 1524 ct

93 1591 105 1622 o
136 1563 190 1651 pio
207 1563 313 1630 studio
329 1577 492 1654 prestant,
507 1566 564 1634 sed
575 1566 683 1634 leviori
700 1567 841 1656 pondere
856 1567 1021 1632 sententie
1036 1565 1120 1656 ligu-

89 1693 102 1728 o
134 1679 288 1732 rantur.»
317 1667 452 1756 (Tristi.
482 1670 808 1758 montpeb'ootrr.
826 1671 939 1735 adan.
957 1667 1049 1756 tto.)

405 1831 583 1900 Eosrrouns
605 1855 783 1914 rancura.

138 2017 296 2108 Pleraque
311 2019 341 2084 V
343 2021 482 2086 ictor-ini
493 2043 590 2110 opera
604 2019 637 2085 in
652 2019 856 2089 bibliothecis
869 2021 1123 2112 Petrumlegnn-

91 2141 167 2202 tur:
182 2126 270 2193 nulla
281 2133 357 2195 verb
369 2139 471 2196 exstat
481 2131 550 2219 ejus
560 2153 694 2220 operum
703 2131 904 2222 particularis
917 2146 949 2200 et
961 2131 1122 2224 completo

95 2231 209 2298 editio.
495 2227 496 2234 ἵ

140 2337 236 2420 Nulla
257 2343 355 2425 etiam
367 2343 525 2433 reperitur
534 2343 680 2433 ejusdem
691 2342 813 2412 Gallica
827 2347 940 2413 versio.

571 2513 593 2600 3
616 2511 672 2579 vr.

311 2679 443 2770 Lucifer
467 2679 686 2764 Carolitoascs
702 2732 713 2760 ,
729 2705 820 2748 anno
841 2669 917 2771 571.

550 2871 694 2918 suntote.

144 3028 279 3119 Lucifer
295 3029 435 3112 Coralis,
464 3053 538 3118 quae
558 3043 607 3096 est
630 3027 786 3097 Sardiniae
811 3027 1015 3118 metropolis,
1037 3027 1126 3120 ‘epis-

99 3155 215 3222 copus,
232 3132 329 3206 seculi
345 3147 547 3224 contemptu,
562 3157 726 3204 sacrarum
738 3155 847 3200 amore
863 3133 1061 3209 litterarum,
1074 3133 1126 3200 in-

25 3224 30 3234 *
97 3241 250 3330 tegritate
273 3242 365 3320 vitre,
386 3242 462 3310 fidei
485 3244 685 3321 constantio,
709 3241 873 3332 gratidqua
897 3241 1003 3310 divina
1027 3239 1129 3306 notis-

100 3347 221 3422 simus,
240 3351 315 3434 curn
332 3349 498 3437 episcopos
510 3347 551 3412 ad
566 3369 680 3438 pravos
695 3371 805 3416 sensus
817 3351 887 3438 cogi
895 3356 979 3438 egro
991 3348 1129 3423 videret,

97 3475 264 3521 summum
273 3453 465 3535 Pontificem
473 3451 638 3536 Liberium
648 3454 743 3527 odiit,
764 3466 799 3518 nt
812 3453 1015 3520 dissuadendi
1030 3455 1132 3540 impe-

101 3559 220 3624 ratoris
231 3549 410 3629 Constnntii
422 3558 940 3648 onuslibentcrsusciperet.Quod
954 3555 1130 3628 ctmlaoile‘

95 3670 114 3727 ὲι
132 3663 264 3730 Liberio
277 3687 397 3732 munus
411 3664 625 3748 obtinuisset,
644 3666 691 3733 sic
706 3664 792 3755 apud
807 3665 1034 3754 imperatorem
1045 3662 1130 3750 egit,
1200 3747 1206 3758 Ι

96 3781 136 3834 ut
153 3770 341 3846 concilium,
364 3771 501 3836 ineunte
522 3795 609 3844 enno
626 3773 713 3850 555,
729 3769 946 3838 Mediolanum
958 3789 1131 3861 congregn7

95 3889 200 3944 retur.
234 3879 295 3947 Hic
309 3877 437 3958 Valenti
464 3861 653 3970 ceterisque
681 3877 845 3956 Athanasii
861 3876 1140 3973 reprobationem·
