3002 4572
766 194 902 366 (zio)

265 435 269 440 ·
323 414 448 508 busque
463 425 590 488 tantum
603 420 693 488 annis
705 421 915 513 Episcopatus
927 423 1053 512 apicem
1063 433 1170 498 tenet,
1183 421 1354 490 defunctus

324 543 410 646 anno
425 524 501 593 cot.
521 521 571 594 llli
584 528 602 592 a
614 525 807 618 quibusdum
819 517 943 620 primus
962 549 1192 620 campanarum
1207 551 1282 595 usus
1298 527 1354 595 tri-

323 629 564 827 bullldbifacirts
581 738 627 806 lll
644 739 752 806 statim
767 751 840 830 post
859 761 979 806 annum
990 740 1146 816 moritur,
1167 761 1251 806 anno
1265 739 1355 808 vide-

323 841 564 1044 hoedoltiidciut
579 953 622 1024 lv
647 953 861 1046 apostolicum
883 951 1099 1024 ministerium
1124 953 1236 1046 implet
1257 980 1315 1047 per
1333 955 1353 1022 6

323 1073 443 1136 annos,
461 1051 495 1125 id
511 1067 559 1125 est
575 1082 677 1149 usque
692 1059 735 1126 ad
749 1082 871 1128 annum
887 1059 963 1126 615.
988 1058 1037 1127 Ab
1053 1059 1123 1149 ipso
1139 1060 1280 1150 primum
1295 1057 1354 1128 de-

324 1159 465 1230 dicatum
481 1178 529 1231 est
544 1161 723 1256 templum,
740 1165 827 1255 quod
842 1163 1011 1233 dicebatur
1030 1157 1217 1232 Pantheon.

184 1287 187 1294 ·
250 1283 252 1288 ’
367 1269 404 1335 S.
429 1265 623 1338 Deua-dedit
639 1271 821 1340 Romanam
837 1269 948 1338 sedem
964 1281 1102 1360 occupat
1116 1269 1274 1360 usquead
1295 1295 1353 1338 an-

322 1393 402 1442 num
415 1373 500 1451 618,
530 1395 595 1464 quo
611 1368 783 1442 virtutibus
799 1374 905 1440 clarus
920 1375 1037 1465 migrat
1052 1373 1095 1440 ad
1110 1371 1239 1445 coelum.

366 1476 613 1572 Bonifatiucl',
627 1476 698 1570 ejus
710 1497 888 1557 successor,
905 1503 990 1547 anno
1003 1479 1123 1548 Christi
1135 1483 1213 1560 625,
1223 1479 1356 1549 Pontili-

325 1591 414 1655 catbs
431 1613 468 1676 7,
485 1584 555 1655 Deo
571 1587 760 1654 restituitur.
1009 1591 1011 1597 ’

369 1693 542 1762 Honorius
562 1693 576 1763 l
592 1701 609 1762 a
626 1695 738 1787 Sergio
766 1687 1125 1786 Constantinopolitano
1143 1692 1355 1786 Patriarcbt,

324 1797 379 1892 qui
394 1795 678 1896 Monotbelitarum
694 1809 801 1890 partes
815 1797 1058 1890 propugnabat,
1081 1801 1253 1892 deceptus,
1269 1801 1357 1891 epis-

324 1903 425 1974 tolam
440 1903 668 1996 particularem
684 1907 725 1972 ad
740 1929 816 1974 eum
836 1903 967 1984 scribit,
990 1911 1054 1995 quai
1080 1902 1209 1973 illorum
1231 1903 1357 1974 baereti-

203 2073 204 2076 ,
325 2035 439 2081 corum
453 2013 616 2080 erroribus
632 2013 737 2080 favore
754 2011 891 2080 videtur.
912 2009 970 2080 llla
986 2023 1096 2078 tumen
1111 2012 1243 2102 epistola
1262 2013 1358 2080 beni-

220 2215 222 2220 *
325 2121 388 2208 gub
405 2118 612 2208 interpretari
627 2127 753 2208 potest,
776 2105 835 2186 neo
853 2117 894 2184 ad
913 2129 1014 2185 totam
1027 2114 1226 2198 Ecclesiam,
1243 2119 1299 2188 sod
1314 2120 1357 2186 ad

326 2223 431 2292 solum
445 2219 771 2314 Sergiumdirigitur,
786 2223 872 2290 unde
884 2219 965 2290 nibil
977 2225 1067 2314 argui
1078 2235 1184 2315 potest
1199 2225 1264 2293 sive
1280 2247 1358 2294 con-

290 2331 294 2340 ’
326 2343 374 2399 tra
386 2327 645 2422 infallibilitatem
659 2327 811 2399 Ecclesiae
821 2330 854 2396 in
870 2329 962 2399 iactis
976 2330 1185 2421 dogmaticis,
1203 2331 1269 2428 sive
1281 2329 1359 2400 con-

326 2449 375 2503 tra
399 2435 516 2504 summi
539 2433 704 2504 Pontificio
725 2441 744 2502 e
767 2433 921 2503 cathedra
942 2435 1087 2504 docentis
1115 2436 1354 2504 auctoritatem.
1482 2439 1484 2446 '

326 2541 462 2608 Mortem
472 2541 558 2607 subit
569 2565 654 2608 anno
671 2533 747 2607 658.

370 2643 473 2716 Vacat
485 2669 549 2713 uno
562 2643 646 2714 anno
658 2658 692 2712 et
709 2658 832 2736 septem
847 2644 1011 2712 mensibus
1027 2644 1146 2714 Sancta
1166 2643 1278 2712 Sedes.

370 2751 566 2830 Sobel-inus,
585 2767 669 2820 anno
689 2751 755 2834 640
770 2763 997 2834 consecratus,
1015 2749 1239 2820 Monothclitas
1258 2751 1354 2820 dam-

326 2871 408 2936 nat,
438 2857 646 2946 secundoque
676 2855 884 2926 Pontificatus
909 2877 1020 2926 mense
1044 2856 1193 2946 spirltum
1215 2847 1356 2930 nomino

328 2963 445 3029 reddit.

326 3085 332 3091 ·
372 3069 521 3138 Jooonst
532 3068 575 3138 lv
591 3068 625 3135 in
640 3067 923 3136 Monothelitarum
938 3068 1147 3136 damnatione
1160 3083 1359 3158 perseverat,

329 3175 536 3262 edictumque
550 3171 726 3250 Heraclii,
750 3167 837 3262 quod
854 3171 978 3242 Ectcsis
1006 3186 1163 3266 vocatur,¹
1181 3174 1358 3266 apostolici

331 3281 520 3353 auctoritate
539 3280 709 3370 reprobat,
725 3287 849 3369 ‘utpote
870 3281 958 3370 quod
982 3280 1208 3349 haereticorum
1229 3293 1359 3371 saperet

331 3411 465 3457 errores.
485 3386 579 3456 Anno
593 3388 659 3467 liin
676 3388 743 3478 jam
754 3399 859 3455 morte
875 3387 979 3459 iuerat
990 3389 1153 3479 abreptus.

252 3495 255 3502 ’
376 3495 563 3562 Theodorus
579 3493 594 3560 l
609 3493 781 3586 Pyrrhum
802 3495 1011 3584 Paulumque
1030 3493 1361 3584 Constantinopolita-

332 3597 1226 3692 nosPatriarchas‘anatbematepercellit,otscntentiam
1237 3599 1362 3667 Christi
1396 3589 1399 3596 ’

331 3707 485 3802 sanguine
500 3706 675 3796 consignat.
697 3705 823 3772 Primus
844 3705 990 3782 omnium
1006 3706 1046 3773 ab
1064 3705 1229 3798 Episcopis
1249 3709 1361 3796 frater
