2942 4568
421 379 448 408 ’·
552 372 689 460 (trs)

105 530 118 566 t
136 505 200 573 »hei
216 505 315 574 mihil
333 510 419 576 Ecce
430 505 564 574 vulnera
575 527 648 574 mea
664 527 731 574 non
743 505 927 584 abscondo,
944 506 1088 574 medicus
1104 529 1137 572 es

103 634 116 666 r
147 630 231 698 segor
246 633 332 686 sum,
347 609 528 678 misericors
540 632 574 675 es
585 657 594 686 ,
605 609 703 674 miser
712 631 793 674 sum.
809 635 822 670 s
845 607 994 694 (Confer.
1010 603 1066 672 lib.
1088 631 1134 674 ro.

102 735 132 780 c.
146 715 631 806 28.)UrgentihusFosste·novae
640 713 819 790 Monachis,
829 723 865 778 ut
876 711 1048 780 Canticum
1058 712 1140 778 Cen-

102 815 1136 915 ticorumBernardimorientisexemploexplanaret‚respondits
1221 881 1222 886 ,

100 928 187 996 Date
200 932 287 998 mitt
296 931 468 998 Bemardt'
479 931 669 1022 ingenium,
681 945 712 995 et
722 928 816 994 vohis
824 929 950 1016 faeiem
957 929 1047 994 sotis.

148 1035 317 1105 Postuletis
339 1051 450 1104 temen
472 1059 637 1112 annuens,
655 1058 788 1125 perram
809 1033 884 1100 libri
902 1033 999 1122 hujus
1013 1033 1141 1123 exposi«

102 1143 223 1210 tionem
238 1150 256 1210 h
274 1145 381 1214 scrihd
395 1141 609 1231 colligendam
624 1141 766 1208 dictavit.
786 1141 870 1207 Hirro
893 1139 977 1207 fecte
999 1139 1140 1230 generali

101 1253 209 1318 totius
229 1253 301 1320 vitm
331 1248 544 1339 exomologesi
570 1300 579 1327 ,
616 1248 714 1316 modo
744 1247 825 1315 levia
858 1247 980 1314 dellere
1002 1247 1139 1325 delicte,

101 1359 199 1424 modo
220 1360 360 1427 divinem
375 1357 516 1424 exaltare
533 1356 788 1424 misericordiam
806 1379 872 1427 non
888 1357 1139 1433 intermittebat,
1159 1356 1161 1364 ⁴

103 1467 156 1534 cui
180 1466 295 1532 dehere
316 1458 349 1534 et
366 1465 455 1554 quod
472 1487 542 1531 non
562 1467 685 1554 fecerat
699 1462 822 1530 melum
835 1463 1060 1552 profitebatur.
1077 1461 1136 1552 (S.

94 1571 270 1661 August.)
330 1583 336 1605 ³

147 1675 255 1744 Cineri
277 1678 445 1769 impositus
468 1676 619 1744 ultimum
649 1678 813 1766 suscipere
840 1675 952 1743 voluit
967 1676 1141 1744 Christiani

100 1781 284 1860 Visticum,
298 1783 430 1871 sistque
451 1781 651 1848 sanctissime
668 1780 792 1859 hostie,
815 1781 964 1870 profusus
981 1781 1015 1846 in
1031 1779 1141 1870 lecry-·

101 1911 171 1955 mes
187 1889 227 1954 ed
246 1890 449 1978 presentiam
469 1887 630 1955 Dominici
647 1886 809 1975 corporis,
831 1897 864 1950 et
880 1889 1006 1952 assuete
1023 1886 1142 1952 amoris

102 1996 163 2063 Dei
179 1995 350 2064 dulcedine
365 1994 575 2085 liquefactus,
594 1996 664 2062 haec
676 1993 773 2060 verba
791 1992 960 2086 protulisse
977 1981 1139 2060 referturr

112 2127 125 2162 t
149 2103 216 2192 Ego
229 2101 268 2168 de
285 2101 487 2170 sanctissimo
504 2123 641 2190 corpore
657 2096 789 2166 Domini
807 2099 908 2167 nostri
925 2098 1004 2166 Jesu
1021 2098 1142 2166 Christi

103 2233 117 2268 r
148 2219 180 2273 ot
196 2207 264 2273 aliis
281 2207 498 2276 sacrementis
517 2206 617 2274 multa
630 2207 747 2283 docui,
771 2204 872 2272 multe
895 2205 1008 2295 scripsi
1023 2205 1056 2272 in
1077 2201 1142 2272 fide

105 2340 118 2374 s
148 2311 224 2380 Jesu
235 2313 353 2382 Christi
369 2325 402 2380 et
417 2325 537 2380 sancte
554 2313 710 2380 Romenae
722 2311 890 2389 Ecclesiae,
907 2313 1000 2401 cujus
1015 2335 1141 2380 correc-

104 2447 119 2484 t
148 2419 228 2486 tioni
244 2432 360 2487 cuncte
377 2418 703 2510 subjicio.sRecept0
713 2419 829 2510 deinde
837 2418 983 2495 Viatico,
1005 2419 1141 2486 caetcris·

104 2551 167 2616 que
180 2525 329 2594 Ecclesiae
342 2527 558 2596 sacramentis
571 2525 658 2594 dulci
670 2549 751 2615 pace
763 2524 960 2614 compositus
971 2519 1040 2592 haec
1054 2525 1142 2612 iden·

106 2633 205 2700 tidem
231 2632 417 2700 referebat:
438 2632 617 2703 «Satiahor
639 2636 716 2700 ohm
732 2630 916 2720 apperuerit
938 2627 1038 2720 gloria
1061 2642 1164 2706 tua,
1189 2673 1193 2680 -

106 2767 120 2804 r
152 2741 335 2808 inebriabor
358 2742 398 2808 ah
424 2740 571 2838 ubertate
593 2734 708 2807 domus
724 2752 804 2819 tuae,
822 2751 854 2806 et
869 2750 1015 2805 torrente
1029 2713 1142 2827 volup*-¹

8 2923 11 2930 ι
106 2872 119 2907 »
151 2845 225 2910 tatis
238 2857 298 2912 tuae
309 2847 483 2936 potabor.»
504 2842 507 2848 '‘
546 2873 548 2880 ·

104 2995 110 3002 -
152 2950 234 3018 Cum
267 2954 511 3022 circumstantes
541 2953 692 3044 lacrymis
722 2956 867 3046 perfusos
898 2935 1083 3044 aspiceret,
1107 2975 1142 3018 se

105 3071 244 3126 mortem
257 3073 293 3124 ut
308 3058 434 3126 lucrum
450 3059 589 3126 libenter
606 3061 761 3150 amplecti
770 3074 903 3128 testatus
911 3073 979 3137 est,
996 3072 1029 3125 et
1051 3059 1142 3148 inge-

104 3163 1141 3256 rentequodamhoomnximhdolendumesse,·'quhdinConcilio

104 3269 314 3360 Lugduneusi
337 3269 490 3360 Ecclesiae
513 3269 710 3337 adversarios
733 3270 895 3340 dehellore
913 3257 984 3336 ¹non
1008 3281 1141 3359 posset,

10 3463 15 3470 .
105 3377 251 3465 protinus
266 3375 335 3442 haec
349 3375 515 3465 subjunxit
531 3374 711 3443 humilitate
726 3375 821 3466 plene
839 3399 872 3441 :e
887 3375 1024 3464 Semper
1039 3381 1057 3438 e
1073 3373 1142 3440 Deo

106 3511 119 3546 t
150 3483 239 3553 hene
258 3484 399 3573 ¹gestiam
429 3483 628 3572 expostulari
644 3499 706 3563 ,ut
735 3483 814 3551 mihi
845 3482 959 3549 humili
985 3481 1140 3572 simplicis

106 3618 119 3652 ι
150 3590 300 3656 monschi
316 3591 379 3656 ritu
396 3591 478 3656 mori
495 3591 729 3670 concederetur
753 3641 761 3666 ,
794 3589 889 3678 eique
911 3604 1000 3654 nuno
1022 3589 1141 3678 gratias
1211 3597 1214 3602 ’

105 3719 210 3785 sego
234 3694 322 3784 quod
347 3714 459 3784 preces
481 3695 634 3774 emodire
659 3694 804 3762 voluerit.
834 3691 918 3759 Cum
948 3717 1001 3760 me
1031 3693 1139 3760 odhhc

105 3804 309 3893 s'lontosem
329 3802 370 3882 od
392 3803 665 3892 'preemieaeterne
687 3815 868 3880 convocet,
900 3803 1035 3892 gratiam
1061 3800 1141 3866 mihi

106 3937 120 3973 s
151 3908 317 3987 concedit,
333 3931 430 3998 quem
444 3907 553 3976 multis
575 3909 726 3978 fidelihus
745 3908 842 3984 serris
858 3907 1034 3999 ohnegds'se
1050 3906 1150 3972 vide·
