<?xml version="1.0" encoding="UTF-8"?>
<!DOCTYPE html PUBLIC "-//W3C//DTD XHTML 1.0 Transitional//EN"
    "http://www.w3.org/TR/xhtml1/DTD/xhtml1-transitional.dtd">
<html xmlns="http://www.w3.org/1999/xhtml" xml:lang="en" lang="en">
 <head>
  <title>
</title>
<meta http-equiv="Content-Type" content="text/html;charset=utf-8" />
  <meta name='ocr-system' content='tesseract 3.04.00' />
  <meta name='ocr-capabilities' content='ocr_page ocr_carea ocr_par ocr_line ocrx_word'/>
</head>
<body>
  <div class='ocr_page' id='page_1' title='image "./rhetoricasancto01cailgoog_0263.png"; bbox 0 0 2990 4570; ppageno 0'>
   <div class='ocr_carea' id='block_1_1' title="bbox 787 311 927 401">
    <p class='ocr_par' dir='ltr' id='par_1_1' title="bbox 787 311 927 401">
     <span class='ocr_line' id='line_1_1' title="bbox 787 311 927 401; baseline 0.014 -2"><span class='ocrx_word' id='word_1_1' title='bbox 787 311 927 401; x_wconf 49' lang='grc' dir='ltr'><strong>(ὢν)</strong></span> 
     </span>
    </p>
   </div>
   <div class='ocr_carea' id='block_1_2' title="bbox 286 447 1356 1296">
    <p class='ocr_par' dir='ltr' id='par_1_2' title="bbox 286 447 1356 651">
     <span class='ocr_line' id='line_1_2' title="bbox 286 447 1356 534; baseline 0.005 -19"><span class='ocrx_word' id='word_1_2' title='bbox 286 469 289 484; x_wconf 73' lang='grc'>’</span> <span class='ocrx_word' id='word_1_3' title='bbox 356 490 361 500; x_wconf 75' lang='lat'>=</span> <span class='ocrx_word' id='word_1_4' title='bbox 379 481 392 515; x_wconf 72' lang='grc' dir='ltr'><strong><em>ι</em></strong></span> <span class='ocrx_word' id='word_1_5' title='bbox 424 453 531 534; x_wconf 82' lang='lat' dir='ltr'><strong>Quem</strong></span> <span class='ocrx_word' id='word_1_6' title='bbox 546 451 626 520; x_wconf 88' lang='lat' dir='ltr'><strong>nihil</strong></span> <span class='ocrx_word' id='word_1_7' title='bbox 642 453 815 522; x_wconf 90' lang='lat' dir='ltr'><strong>obscurum</strong></span> <span class='ocrx_word' id='word_1_8' title='bbox 831 453 946 528; x_wconf 79' lang='lat' dir='ltr'><strong>latuit,</strong></span> <span class='ocrx_word' id='word_1_9' title='bbox 967 453 1024 522; x_wconf 87' lang='lat' dir='ltr'><strong>scd</strong></span> <span class='ocrx_word' id='word_1_10' title='bbox 1039 455 1190 522; x_wconf 85' lang='lat' dir='ltr'><strong>ctomnia</strong></span> <span class='ocrx_word' id='word_1_11' title='bbox 1213 447 1356 532; x_wconf 77' lang='lat' dir='ltr'><strong>dorent,</strong></span> 
     </span>
     <span class='ocr_line' id='line_1_3' title="bbox 426 558 1297 651; baseline 0.005 -29"><span class='ocrx_word' id='word_1_12' title='bbox 426 587 439 622; x_wconf 82' lang='lat' dir='ltr'><strong>s</strong></span> <span class='ocrx_word' id='word_1_13' title='bbox 471 558 577 648; x_wconf 83' lang='lat' dir='ltr'><strong>Atque</strong></span> <span class='ocrx_word' id='word_1_14' title='bbox 588 559 728 626; x_wconf 84' lang='lat' dir='ltr'><strong>humana</strong></span> <span class='ocrx_word' id='word_1_15' title='bbox 743 559 838 626; x_wconf 88' lang='lat' dir='ltr'><strong>simui</strong></span> <span class='ocrx_word' id='word_1_16' title='bbox 854 561 1023 651; x_wconf 77' lang='lat' dir='ltr'><strong>dogmata,</strong></span> <span class='ocrx_word' id='word_1_17' title='bbox 1037 573 1070 628; x_wconf 91' lang='lat' dir='ltr'><strong>et</strong></span> <span class='ocrx_word' id='word_1_18' title='bbox 1086 559 1150 626; x_wconf 81' lang='lat' dir='ltr'><strong>sita</strong></span> <span class='ocrx_word' id='word_1_19' title='bbox 1166 572 1297 650; x_wconf 86' lang='lat' dir='ltr'><strong>patent;</strong></span> 
     </span>
    </p>

    <p class='ocr_par' dir='ltr' id='par_1_3' title="bbox 380 664 1255 862">
     <span class='ocr_line' id='line_1_4' title="bbox 380 664 1255 755; baseline 0.006 -28"><span class='ocrx_word' id='word_1_20' title='bbox 380 692 393 727; x_wconf 79' lang='lat' dir='ltr'><strong>s</strong></span> <span class='ocrx_word' id='word_1_21' title='bbox 425 664 526 754; x_wconf 83' lang='lat' dir='ltr'><strong>Cujus</strong></span> <span class='ocrx_word' id='word_1_22' title='bbox 542 677 574 730; x_wconf 90' lang='lat' dir='ltr'><strong>et</strong></span> <span class='ocrx_word' id='word_1_23' title='bbox 585 665 771 732; x_wconf 80' lang='lat' dir='ltr'><strong>instruimur</strong></span> <span class='ocrx_word' id='word_1_24' title='bbox 786 665 959 744; x_wconf 87' lang='lat' dir='ltr'><strong>doctrinis,</strong></span> <span class='ocrx_word' id='word_1_25' title='bbox 971 677 1072 755; x_wconf 81' lang='lat' dir='ltr'><strong>atque</strong></span> <span class='ocrx_word' id='word_1_26' title='bbox 1086 689 1255 732; x_wconf 75' lang='lat' dir='ltr'><strong>moremur</strong></span> 
     </span>
     <span class='ocr_line' id='line_1_5' title="bbox 427 753 1166 862; baseline 0.007 -29"><span class='ocrx_word' id='word_1_27' title='bbox 427 799 440 832; x_wconf 73' lang='lat' dir='ltr'><strong>s</strong></span> <span class='ocrx_word' id='word_1_28' title='bbox 472 770 656 860; x_wconf 87' lang='lat' dir='ltr'><strong>Exemplis,</strong></span> <span class='ocrx_word' id='word_1_29' title='bbox 672 753 815 862; x_wconf 79' lang='lat' dir='ltr'><strong>probitas</strong></span> <span class='ocrx_word' id='word_1_30' title='bbox 830 773 922 862; x_wconf 90' lang='lat' dir='ltr'><strong>cujus</strong></span> <span class='ocrx_word' id='word_1_31' title='bbox 934 773 966 838; x_wconf 92' lang='lat' dir='ltr'><strong>in</strong></span> <span class='ocrx_word' id='word_1_32' title='bbox 986 773 1166 856; x_wconf 73' lang='lat' dir='ltr'><strong>eremitat.</strong></span> 
     </span>
    </p>

    <p class='ocr_par' dir='ltr' id='par_1_4' title="bbox 384 861 1264 1077">
     <span class='ocr_line' id='line_1_6' title="bbox 384 861 1221 968; baseline 0.008 -31"><span class='ocrx_word' id='word_1_33' title='bbox 384 903 396 937; x_wconf 83' lang='lat'>»</span> <span class='ocrx_word' id='word_1_34' title='bbox 425 873 523 943; x_wconf 87' lang='lat' dir='ltr'><strong>Millia</strong></span> <span class='ocrx_word' id='word_1_35' title='bbox 535 873 692 943; x_wconf 88' lang='lat' dir='ltr'><strong>librorum</strong></span> <span class='ocrx_word' id='word_1_36' title='bbox 703 901 761 968; x_wconf 91' lang='lat' dir='ltr'><strong>per</strong></span> <span class='ocrx_word' id='word_1_37' title='bbox 776 861 826 954; x_wconf 83' lang='lat' dir='ltr'><strong>te,</strong></span> <span class='ocrx_word' id='word_1_38' title='bbox 845 877 938 944; x_wconf 87' lang='lat' dir='ltr'><strong>Pater</strong></span> <span class='ocrx_word' id='word_1_39' title='bbox 953 876 1054 955; x_wconf 88' lang='lat' dir='ltr'><strong>aime,</strong></span> <span class='ocrx_word' id='word_1_40' title='bbox 1070 877 1221 968; x_wconf 85' lang='lat' dir='ltr'><strong>leguntur</strong></span> 
     </span>
     <span class='ocr_line' id='line_1_7' title="bbox 428 983 1264 1077; baseline 0.006 -30"><span class='ocrx_word' id='word_1_41' title='bbox 428 1011 443 1047; x_wconf 74' lang='lat' dir='ltr'><strong>s</strong></span> <span class='ocrx_word' id='word_1_42' title='bbox 474 983 567 1056; x_wconf 81' lang='lat' dir='ltr'><strong>Edite</strong></span> <span class='ocrx_word' id='word_1_43' title='bbox 582 1035 591 1062; x_wconf 88' lang='lat'><strong>,</strong></span> <span class='ocrx_word' id='word_1_44' title='bbox 605 1009 675 1074; x_wconf 80' lang='lat' dir='ltr'><strong>quae</strong></span> <span class='ocrx_word' id='word_1_45' title='bbox 690 998 842 1077; x_wconf 91' lang='lat' dir='ltr'><strong>promunt</strong></span> <span class='ocrx_word' id='word_1_46' title='bbox 852 985 1009 1076; x_wconf 88' lang='lat' dir='ltr'><strong>quidquid</strong></span> <span class='ocrx_word' id='word_1_47' title='bbox 1023 985 1144 1076; x_wconf 87' lang='lat' dir='ltr'><strong>ubique</strong></span> <span class='ocrx_word' id='word_1_48' title='bbox 1159 985 1264 1052; x_wconf 80' lang='lat' dir='ltr'><strong>latet·</strong></span> 
     </span>
    </p>

    <p class='ocr_par' dir='ltr' id='par_1_5' title="bbox 294 1079 1259 1182">
     <span class='ocr_line' id='line_1_8' title="bbox 294 1079 1259 1182; baseline 0.005 -30"><span class='ocrx_word' id='word_1_49' title='bbox 294 1090 297 1096; x_wconf 90' lang='grc'><strong>’</strong></span> <span class='ocrx_word' id='word_1_50' title='bbox 384 1118 397 1152; x_wconf 78' lang='lat' dir='ltr'><strong>s</strong></span> <span class='ocrx_word' id='word_1_51' title='bbox 428 1079 480 1155; x_wconf 82' lang='lat' dir='ltr'><strong>sis&#39;</strong></span> <span class='ocrx_word' id='word_1_52' title='bbox 493 1092 619 1158; x_wconf 87' lang='lat' dir='ltr'><strong>cunctis</strong></span> <span class='ocrx_word' id='word_1_53' title='bbox 635 1093 743 1159; x_wconf 80' lang='lat' dir='ltr'><strong>fautor</strong></span> <span class='ocrx_word' id='word_1_54' title='bbox 756 1093 828 1182; x_wconf 90' lang='lat' dir='ltr'><strong>pius</strong></span> <span class='ocrx_word' id='word_1_55' title='bbox 840 1143 849 1169; x_wconf 96' lang='lat'><strong>,</strong></span> <span class='ocrx_word' id='word_1_56' title='bbox 865 1093 886 1158; x_wconf 81' lang='grc' dir='ltr'><strong>ὂ</strong></span> <span class='ocrx_word' id='word_1_57' title='bbox 900 1092 1099 1160; x_wconf 75' lang='lat' dir='ltr'><strong>sanctissime</strong></span> <span class='ocrx_word' id='word_1_58' title='bbox 1115 1090 1259 1168; x_wconf 75' lang='lat' dir='ltr'><strong>Praesui,</strong></span> 
     </span>
    </p>

    <p class='ocr_par' dir='ltr' id='par_1_6' title="bbox 334 1194 1218 1296">
     <span class='ocr_line' id='line_1_9' title="bbox 334 1194 1218 1296; baseline -0.002 -34"><span class='ocrx_word' id='word_1_59' title='bbox 334 1205 335 1209; x_wconf 77' lang='grc'>’</span> <span class='ocrx_word' id='word_1_60' title='bbox 429 1224 442 1262; x_wconf 78' lang='lat' dir='ltr'><strong>s</strong></span> <span class='ocrx_word' id='word_1_61' title='bbox 474 1194 579 1284; x_wconf 81' lang='lat' dir='ltr'><strong>Atque</strong></span> <span class='ocrx_word' id='word_1_62' title='bbox 590 1197 659 1264; x_wconf 89' lang='lat' dir='ltr'><strong>Deo</strong></span> <span class='ocrx_word' id='word_1_63' title='bbox 671 1223 812 1296; x_wconf 83' lang='lat' dir='ltr'><strong>summas</strong></span> <span class='ocrx_word' id='word_1_64' title='bbox 827 1198 908 1267; x_wconf 80' lang='lat' dir='ltr'><strong>offer</strong></span> <span class='ocrx_word' id='word_1_65' title='bbox 923 1198 964 1271; x_wconf 88' lang='lat' dir='ltr'><strong>ad</strong></span> <span class='ocrx_word' id='word_1_66' title='bbox 979 1196 1042 1266; x_wconf 84' lang='lat' dir='ltr'><strong>alta</strong></span> <span class='ocrx_word' id='word_1_67' title='bbox 1057 1221 1183 1287; x_wconf 79' lang='lat' dir='ltr'><strong>proces·</strong></span> <span class='ocrx_word' id='word_1_68' title='bbox 1203 1225 1218 1260; x_wconf 73' lang='lat' dir='ltr'><strong>s</strong></span> 
     </span>
    </p>
   </div>
   <div class='ocr_carea' id='block_1_3' title="bbox 339 1411 1377 1832">
    <p class='ocr_par' dir='ltr' id='par_1_7' title="bbox 339 1411 1377 1832">
     <span class='ocr_line' id='line_1_10' title="bbox 386 1411 1375 1504; baseline 0.003 -22"><span class='ocrx_word' id='word_1_69' title='bbox 386 1415 474 1496; x_wconf 83' lang='lat' dir='ltr'><strong>Quid</strong></span> <span class='ocrx_word' id='word_1_70' title='bbox 489 1427 597 1492; x_wconf 82' lang='lat' dir='ltr'><strong>eutem</strong></span> <span class='ocrx_word' id='word_1_71' title='bbox 610 1414 686 1480; x_wconf 89' lang='lat' dir='ltr'><strong>huic</strong></span> <span class='ocrx_word' id='word_1_72' title='bbox 698 1411 825 1480; x_wconf 88' lang='lat' dir='ltr'><strong>concilii</strong></span> <span class='ocrx_word' id='word_1_73' title='bbox 844 1415 1041 1504; x_wconf 80' lang='lat' dir='ltr'><strong>generalisV</strong></span> <span class='ocrx_word' id='word_1_74' title='bbox 1057 1417 1241 1484; x_wconf 88' lang='lat' dir='ltr'><strong>testimonio</strong></span> <span class='ocrx_word' id='word_1_75' title='bbox 1260 1418 1375 1498; x_wconf 84' lang='lat' dir='ltr'><strong>conse-</strong></span> 
     </span>
     <span class='ocr_line' id='line_1_11' title="bbox 339 1511 1372 1614; baseline 0 -22"><span class='ocrx_word' id='word_1_76' title='bbox 339 1523 502 1592; x_wconf 84' lang='lat' dir='ltr'><strong>rendum:</strong></span> <span class='ocrx_word' id='word_1_77' title='bbox 526 1549 538 1585; x_wconf 78' lang='lat' dir='ltr'><strong>a</strong></span> <span class='ocrx_word' id='word_1_78' title='bbox 562 1522 755 1612; x_wconf 78' lang='lat' dir='ltr'><strong>Sequimur,</strong></span> <span class='ocrx_word' id='word_1_79' title='bbox 779 1511 900 1612; x_wconf 86' lang='lat' dir='ltr'><strong>inquit,</strong></span> <span class='ocrx_word' id='word_1_80' title='bbox 925 1547 984 1614; x_wconf 90' lang='lat' dir='ltr'><strong>per</strong></span> <span class='ocrx_word' id='word_1_81' title='bbox 1011 1525 1120 1594; x_wconf 87' lang='lat' dir='ltr'><strong>omnia</strong></span> <span class='ocrx_word' id='word_1_82' title='bbox 1136 1523 1372 1614; x_wconf 84' lang='lat' dir='ltr'><strong>Augustinum,</strong></span> 
     </span>
     <span class='ocr_line' id='line_1_12' title="bbox 342 1628 1377 1718; baseline 0.004 -26"><span class='ocrx_word' id='word_1_83' title='bbox 342 1659 356 1692; x_wconf 73' lang='lat' dir='ltr'><strong>s</strong></span> <span class='ocrx_word' id='word_1_84' title='bbox 384 1640 417 1694; x_wconf 88' lang='lat' dir='ltr'><strong>et</strong></span> <span class='ocrx_word' id='word_1_85' title='bbox 436 1629 626 1718; x_wconf 83' lang='lat' dir='ltr'><strong>suscipimus</strong></span> <span class='ocrx_word' id='word_1_86' title='bbox 642 1628 775 1706; x_wconf 83' lang='lat' dir='ltr'><strong>omnia,</strong></span> <span class='ocrx_word' id='word_1_87' title='bbox 797 1652 867 1718; x_wconf 77' lang='lat' dir='ltr'><strong>quas</strong></span> <span class='ocrx_word' id='word_1_88' title='bbox 888 1629 928 1696; x_wconf 88' lang='lat' dir='ltr'><strong>do</strong></span> <span class='ocrx_word' id='word_1_89' title='bbox 944 1633 1032 1697; x_wconf 66' lang='lat' dir='ltr'><strong>recti</strong></span> <span class='ocrx_word' id='word_1_90' title='bbox 1048 1629 1139 1708; x_wconf 82' lang='lat' dir='ltr'><strong>fide,</strong></span> <span class='ocrx_word' id='word_1_91' title='bbox 1164 1641 1198 1696; x_wconf 89' lang='lat' dir='ltr'><strong>et</strong></span> <span class='ocrx_word' id='word_1_92' title='bbox 1217 1629 1377 1698; x_wconf 87' lang='lat' dir='ltr'><strong>condem-</strong></span> 
     </span>
     <span class='ocr_line' id='line_1_13' title="bbox 340 1726 1377 1832; baseline 0.005 -33"><span class='ocrx_word' id='word_1_93' title='bbox 340 1766 353 1798; x_wconf 83' lang='lat'><strong>»</strong></span> <span class='ocrx_word' id='word_1_94' title='bbox 384 1737 515 1803; x_wconf 86' lang='lat' dir='ltr'><strong>natione</strong></span> <span class='ocrx_word' id='word_1_95' title='bbox 522 1726 751 1809; x_wconf 69' lang='lat' dir='ltr'><strong>hereticorum</strong></span> <span class='ocrx_word' id='word_1_96' title='bbox 761 1737 907 1827; x_wconf 79' lang='lat' dir='ltr'><strong>exposuit</strong></span> <span class='ocrx_word' id='word_1_97' title='bbox 912 1761 940 1812; x_wconf 72' lang='grc' dir='ltr'><strong>ς»</strong></span> <span class='ocrx_word' id='word_1_98' title='bbox 955 1738 1008 1804; x_wconf 89' lang='lat' dir='ltr'><strong>cui</strong></span> <span class='ocrx_word' id='word_1_99' title='bbox 1021 1737 1187 1832; x_wconf 73' lang='lat' dir='ltr'><strong>adherens</strong></span> <span class='ocrx_word' id='word_1_100' title='bbox 1199 1736 1377 1804; x_wconf 87' lang='lat' dir='ltr'><strong>concilium</strong></span> 
     </span>
    </p>
   </div>
   <div class='ocr_carea' id='block_1_4' title="bbox 199 1829 1380 1933">
    <p class='ocr_par' dir='ltr' id='par_1_8' title="bbox 199 1829 1380 1933">
     <span class='ocr_line' id='line_1_14' title="bbox 199 1829 1380 1933; baseline -0.002 -23"><span class='ocrx_word' id='word_1_101' title='bbox 199 1829 207 1880; x_wconf 71' lang='lat' dir='ltr'><em>J</em></span> <span class='ocrx_word' id='word_1_102' title='bbox 318 1835 594 1929; x_wconf 82' lang='lat' dir='ltr'><strong>¹Florentinum,</strong></span> <span class='ocrx_word' id='word_1_103' title='bbox 622 1843 856 1933; x_wconf 70' lang='lat' dir='ltr'><strong>Augustianos</strong></span> <span class='ocrx_word' id='word_1_104' title='bbox 883 1843 1150 1914; x_wconf 79' lang='lat' dir='ltr'><strong>illustrissimum</strong></span> <span class='ocrx_word' id='word_1_105' title='bbox 1176 1841 1380 1915; x_wconf 71' lang='lat' dir='ltr'><strong>Latinorum</strong></span> 
     </span>
    </p>
   </div>
   <div class='ocr_carea' id='block_1_5' title="bbox 260 1941 1385 3973">
    <p class='ocr_par' dir='ltr' id='par_1_9' title="bbox 340 1941 1202 2039">
     <span class='ocr_line' id='line_1_15' title="bbox 340 1941 1202 2039; baseline -0.006 -19"><span class='ocrx_word' id='word_1_106' title='bbox 340 1951 504 2022; x_wconf 74' lang='lat' dir='ltr'><strong>doctorem</strong></span> <span class='ocrx_word' id='word_1_107' title='bbox 522 1941 682 2035; x_wconf 69' lang='lat' dir='ltr'><strong>apciora</strong></span> <span class='ocrx_word' id='word_1_108' title='bbox 691 1950 816 2039; x_wconf 79' lang='lat' dir='ltr'><strong>synodo</strong></span> <span class='ocrx_word' id='word_1_109' title='bbox 831 1965 1056 2018; x_wconf 76' lang='lat' dir='ltr'><strong>consecratam</strong></span> <span class='ocrx_word' id='word_1_110' title='bbox 1071 1951 1202 2029; x_wconf 58' lang='lat' dir='ltr'><strong>asserit,</strong></span> 
     </span>
    </p>

    <p class='ocr_par' dir='ltr' id='par_1_10' title="bbox 260 2054 1385 3973">
     <span class='ocr_line' id='line_1_16' title="bbox 282 2054 1379 2151; baseline 0.001 -26"><span class='ocrx_word' id='word_1_111' title='bbox 282 2126 285 2131; x_wconf 80' lang='grc'><strong>,</strong></span> <span class='ocrx_word' id='word_1_112' title='bbox 378 2059 459 2151; x_wconf 80' lang='lat' dir='ltr'><strong>¹Non</strong></span> <span class='ocrx_word' id='word_1_113' title='bbox 474 2057 598 2130; x_wconf 85' lang='lat' dir='ltr'><strong>minore</strong></span> <span class='ocrx_word' id='word_1_114' title='bbox 612 2069 719 2122; x_wconf 87' lang='lat' dir='ltr'><strong>autem</strong></span> <span class='ocrx_word' id='word_1_115' title='bbox 731 2067 863 2146; x_wconf 90' lang='lat' dir='ltr'><strong>propter</strong></span> <span class='ocrx_word' id='word_1_116' title='bbox 877 2058 1012 2134; x_wconf 86' lang='lat' dir='ltr'><strong>virtutes</strong></span> <span class='ocrx_word' id='word_1_117' title='bbox 1025 2060 1129 2146; x_wconf 74' lang='lat' dir='ltr'><strong>‘quim</strong></span> <span class='ocrx_word' id='word_1_118' title='bbox 1147 2071 1280 2149; x_wconf 88' lang='lat' dir='ltr'><strong>propter</strong></span> <span class='ocrx_word' id='word_1_119' title='bbox 1296 2054 1379 2126; x_wconf 91' lang='lat' dir='ltr'><strong>doc-</strong></span> 
     </span>
     <span class='ocr_line' id='line_1_17' title="bbox 342 2162 1380 2254; baseline 0 -24"><span class='ocrx_word' id='word_1_120' title='bbox 342 2165 460 2230; x_wconf 88' lang='lat' dir='ltr'><strong>trinam</strong></span> <span class='ocrx_word' id='word_1_121' title='bbox 480 2164 675 2254; x_wconf 89' lang='lat' dir='ltr'><strong>promeritus</strong></span> <span class='ocrx_word' id='word_1_122' title='bbox 691 2162 860 2240; x_wconf 85' lang='lat' dir='ltr'><strong>encomia,</strong></span> <span class='ocrx_word' id='word_1_123' title='bbox 882 2167 958 2243; x_wconf 75' lang='lat' dir='ltr'><strong>ci1m</strong></span> <span class='ocrx_word' id='word_1_124' title='bbox 974 2163 1104 2254; x_wconf 78' lang='lat' dir='ltr'><strong>triginta</strong></span> <span class='ocrx_word' id='word_1_125' title='bbox 1119 2164 1222 2230; x_wconf 85' lang='lat' dir='ltr'><strong>trihus</strong></span> <span class='ocrx_word' id='word_1_126' title='bbox 1240 2163 1332 2232; x_wconf 86' lang='lat' dir='ltr'><strong>annis</strong></span> <span class='ocrx_word' id='word_1_127' title='bbox 1343 2164 1380 2230; x_wconf 92' lang='lat' dir='ltr'><strong>in</strong></span> 
     </span>
     <span class='ocr_line' id='line_1_18' title="bbox 342 2270 1381 2364; baseline -0.002 -24"><span class='ocrx_word' id='word_1_128' title='bbox 342 2273 529 2364; x_wconf 85' lang='lat' dir='ltr'><strong>episcopatu</strong></span> <span class='ocrx_word' id='word_1_129' title='bbox 549 2272 655 2339; x_wconf 86' lang='lat' dir='ltr'><strong>verbis</strong></span> <span class='ocrx_word' id='word_1_130' title='bbox 677 2270 894 2361; x_wconf 80' lang='lat' dir='ltr'><strong>exemplisque</strong></span> <span class='ocrx_word' id='word_1_131' title='bbox 918 2270 1036 2339; x_wconf 91' lang='lat' dir='ltr'><strong>docens</strong></span> <span class='ocrx_word' id='word_1_132' title='bbox 1060 2272 1287 2362; x_wconf 80' lang='lat' dir='ltr'><strong>perdurtsset,</strong></span> <span class='ocrx_word' id='word_1_133' title='bbox 1314 2271 1381 2340; x_wconf 89' lang='lat' dir='ltr'><strong>ob-</strong></span> 
     </span>
     <span class='ocr_line' id='line_1_19' title="bbox 304 2377 1380 2470; baseline 0.001 -25"><span class='ocrx_word' id='word_1_134' title='bbox 304 2442 306 2445; x_wconf 83' lang='grc'>.</span> <span class='ocrx_word' id='word_1_135' title='bbox 343 2385 427 2448; x_wconf 81' lang='lat' dir='ltr'><strong>sesst</strong></span> <span class='ocrx_word' id='word_1_136' title='bbox 448 2385 466 2445; x_wconf 73' lang='lat' dir='ltr'><strong>t</strong></span> <span class='ocrx_word' id='word_1_137' title='bbox 490 2379 645 2448; x_wconf 86' lang='lat' dir='ltr'><strong>Vandalis</strong></span> <span class='ocrx_word' id='word_1_138' title='bbox 665 2379 837 2470; x_wconf 82' lang='lat' dir='ltr'><strong>Hippone,</strong></span> <span class='ocrx_word' id='word_1_139' title='bbox 864 2377 976 2446; x_wconf 89' lang='lat' dir='ltr'><strong>dolore</strong></span> <span class='ocrx_word' id='word_1_140' title='bbox 1006 2391 1039 2445; x_wconf 89' lang='lat' dir='ltr'><strong>et</strong></span> <span class='ocrx_word' id='word_1_141' title='bbox 1064 2381 1178 2448; x_wconf 89' lang='lat' dir='ltr'><strong>morbo</strong></span> <span class='ocrx_word' id='word_1_142' title='bbox 1205 2380 1380 2448; x_wconf 86' lang='lat' dir='ltr'><strong>confectus</strong></span> 
     </span>
     <span class='ocr_line' id='line_1_20' title="bbox 344 2488 1377 2576; baseline -0.003 -21"><span class='ocrx_word' id='word_1_143' title='bbox 344 2489 430 2556; x_wconf 88' lang='lat' dir='ltr'><strong>diem</strong></span> <span class='ocrx_word' id='word_1_144' title='bbox 441 2501 622 2556; x_wconf 81' lang='lat' dir='ltr'><strong>extremum</strong></span> <span class='ocrx_word' id='word_1_145' title='bbox 636 2488 730 2567; x_wconf 91' lang='lat' dir='ltr'><strong>obiit,</strong></span> <span class='ocrx_word' id='word_1_146' title='bbox 745 2512 830 2564; x_wconf 86' lang='lat' dir='ltr'><strong>anno</strong></span> <span class='ocrx_word' id='word_1_147' title='bbox 845 2488 966 2562; x_wconf 86' lang='lat' dir='ltr'><strong>Christi</strong></span> <span class='ocrx_word' id='word_1_148' title='bbox 981 2489 1060 2569; x_wconf 70' lang='lat'><strong>450,</strong></span> <span class='ocrx_word' id='word_1_149' title='bbox 1073 2490 1175 2562; x_wconf 76' lang='lat' dir='ltr'><strong>aetatis</strong></span> <span class='ocrx_word' id='word_1_150' title='bbox 1192 2501 1301 2556; x_wconf 87' lang='lat' dir='ltr'><strong>autem</strong></span> <span class='ocrx_word' id='word_1_151' title='bbox 1319 2488 1377 2576; x_wconf 85' lang='lat'><strong>76.</strong></span> 
     </span>
     <span class='ocr_line' id='line_1_21' title="bbox 340 2589 1379 2689; baseline 0.001 -26"><span class='ocrx_word' id='word_1_152' title='bbox 340 2600 450 2689; x_wconf 75' lang='lat' dir='ltr'><strong>Quam</strong></span> <span class='ocrx_word' id='word_1_153' title='bbox 468 2603 577 2666; x_wconf 73' lang='lat' dir='ltr'><strong>sancte</strong></span> <span class='ocrx_word' id='word_1_154' title='bbox 592 2603 679 2675; x_wconf 78' lang='lat' dir='ltr'><strong>vero,</strong></span> <span class='ocrx_word' id='word_1_155' title='bbox 696 2609 729 2666; x_wconf 88' lang='lat' dir='ltr'><strong>et</strong></span> <span class='ocrx_word' id='word_1_156' title='bbox 744 2597 937 2674; x_wconf 74' lang='lat' dir='ltr'><strong>christiane,</strong></span> <span class='ocrx_word' id='word_1_157' title='bbox 951 2609 983 2664; x_wconf 86' lang='lat' dir='ltr'><strong>et</strong></span> <span class='ocrx_word' id='word_1_158' title='bbox 995 2597 1222 2688; x_wconf 75' lang='lat' dir='ltr'><strong>episcopaliter</strong></span> <span class='ocrx_word' id='word_1_159' title='bbox 1233 2589 1379 2675; x_wconf 85' lang='lat' dir='ltr'><strong>mortam</strong></span> 
     </span>
     <span class='ocr_line' id='line_1_22' title="bbox 344 2696 1380 2795; baseline -0.002 -22"><span class='ocrx_word' id='word_1_160' title='bbox 344 2718 378 2773; x_wconf 91' lang='lat' dir='ltr'><strong>et</strong></span> <span class='ocrx_word' id='word_1_161' title='bbox 389 2704 619 2795; x_wconf 78' lang='lat' dir='ltr'><strong>exspectaverit</strong></span> <span class='ocrx_word' id='word_1_162' title='bbox 635 2717 668 2772; x_wconf 90' lang='lat' dir='ltr'><strong>et</strong></span> <span class='ocrx_word' id='word_1_163' title='bbox 679 2706 875 2794; x_wconf 85' lang='lat' dir='ltr'><strong>susceperit,</strong></span> <span class='ocrx_word' id='word_1_164' title='bbox 892 2705 935 2772; x_wconf 77' lang='lat' dir='ltr'><strong>itt</strong></span> <span class='ocrx_word' id='word_1_165' title='bbox 958 2717 1069 2770; x_wconf 87' lang='lat' dir='ltr'><strong>narrat</strong></span> <span class='ocrx_word' id='word_1_166' title='bbox 1080 2706 1170 2772; x_wconf 87' lang='lat' dir='ltr'><strong>testis</strong></span> <span class='ocrx_word' id='word_1_167' title='bbox 1182 2696 1251 2795; x_wconf 81' lang='lat' dir='ltr'><strong>ipse</strong></span> <span class='ocrx_word' id='word_1_168' title='bbox 1266 2705 1380 2772; x_wconf 64' lang='lat' dir='ltr'><strong>Possiss</strong></span> 
     </span>
     <span class='ocr_line' id='line_1_23' title="bbox 346 2809 1383 2904; baseline 0 -23"><span class='ocrx_word' id='word_1_169' title='bbox 346 2815 416 2881; x_wconf 90' lang='lat' dir='ltr'><strong>dius</strong></span> <span class='ocrx_word' id='word_1_170' title='bbox 433 2827 445 2879; x_wconf 71' lang='lat' dir='ltr'><strong>‘s</strong></span> <span class='ocrx_word' id='word_1_171' title='bbox 469 2840 483 2874; x_wconf 80' lang='grc' dir='ltr'>ι</span> <span class='ocrx_word' id='word_1_172' title='bbox 499 2812 519 2880; x_wconf 84' lang='lat' dir='ltr'>J</span> <span class='ocrx_word' id='word_1_173' title='bbox 522 2824 643 2885; x_wconf 87' lang='lat' dir='ltr'><strong>usserat</strong></span> <span class='ocrx_word' id='word_1_174' title='bbox 662 2809 800 2902; x_wconf 87' lang='lat' dir='ltr'><strong>psalmos</strong></span> <span class='ocrx_word' id='word_1_175' title='bbox 820 2812 1009 2891; x_wconf 83' lang='lat' dir='ltr'><strong>Devidicos,</strong></span> <span class='ocrx_word' id='word_1_176' title='bbox 1026 2814 1080 2903; x_wconf 92' lang='lat' dir='ltr'><strong>qui</strong></span> <span class='ocrx_word' id='word_1_177' title='bbox 1104 2827 1179 2880; x_wconf 91' lang='lat' dir='ltr'><strong>sunt</strong></span> <span class='ocrx_word' id='word_1_178' title='bbox 1195 2813 1383 2904; x_wconf 85' lang='lat' dir='ltr'><strong>paucissimi</strong></span> 
     </span>
     <span class='ocr_line' id='line_1_24' title="bbox 345 2908 1378 3009; baseline 0.002 -25"><span class='ocrx_word' id='word_1_179' title='bbox 345 2951 358 2984; x_wconf 74' lang='lat' dir='ltr'><strong>s</strong></span> <span class='ocrx_word' id='word_1_180' title='bbox 390 2921 430 2986; x_wconf 91' lang='lat' dir='ltr'><strong>de</strong></span> <span class='ocrx_word' id='word_1_181' title='bbox 449 2919 636 3009; x_wconf 74' lang='lat' dir='ltr'><strong>poenitentid</strong></span> <span class='ocrx_word' id='word_1_182' title='bbox 652 2918 768 3000; x_wconf 88' lang='lat' dir='ltr'><strong>scribi,</strong></span> <span class='ocrx_word' id='word_1_183' title='bbox 795 2920 944 3009; x_wconf 85' lang='lat' dir='ltr'><strong>ipsosque</strong></span> <span class='ocrx_word' id='word_1_184' title='bbox 964 2919 1193 3009; x_wconf 85' lang='lat' dir='ltr'><strong>quaterniones</strong></span> <span class='ocrx_word' id='word_1_185' title='bbox 1213 2908 1324 3009; x_wconf 78' lang='lat' dir='ltr'><strong>jacens</strong></span> <span class='ocrx_word' id='word_1_186' title='bbox 1341 2919 1378 2986; x_wconf 90' lang='lat' dir='ltr'><strong>in</strong></span> 
     </span>
     <span class='ocr_line' id='line_1_25' title="bbox 347 3027 1381 3122; baseline 0 -29"><span class='ocrx_word' id='word_1_187' title='bbox 347 3059 359 3093; x_wconf 75' lang='lat' dir='ltr'><strong>s</strong></span> <span class='ocrx_word' id='word_1_188' title='bbox 390 3027 474 3122; x_wconf 87' lang='lat' dir='ltr'><strong>lecto</strong></span> <span class='ocrx_word' id='word_1_189' title='bbox 498 3039 609 3094; x_wconf 87' lang='lat' dir='ltr'><strong>contra</strong></span> <span class='ocrx_word' id='word_1_190' title='bbox 632 3027 789 3117; x_wconf 89' lang='lat' dir='ltr'><strong>parietem</strong></span> <span class='ocrx_word' id='word_1_191' title='bbox 811 3029 932 3119; x_wconf 87' lang='lat' dir='ltr'><strong>positos</strong></span> <span class='ocrx_word' id='word_1_192' title='bbox 952 3028 1065 3094; x_wconf 87' lang='lat' dir='ltr'><strong>diebus</strong></span> <span class='ocrx_word' id='word_1_193' title='bbox 1093 3051 1157 3094; x_wconf 87' lang='lat' dir='ltr'><strong>suae</strong></span> <span class='ocrx_word' id='word_1_194' title='bbox 1179 3027 1381 3096; x_wconf 84' lang='lat' dir='ltr'><strong>infirmitatis</strong></span> 
     </span>
     <span class='ocr_line' id='line_1_26' title="bbox 274 3123 1384 3224; baseline 0.004 -29"><span class='ocrx_word' id='word_1_195' title='bbox 274 3139 276 3144; x_wconf 86' lang='lat'>&#39;</span> <span class='ocrx_word' id='word_1_196' title='bbox 346 3143 359 3195; x_wconf 68' lang='lat' dir='ltr'><strong>&#39;a</strong></span> <span class='ocrx_word' id='word_1_197' title='bbox 391 3135 576 3200; x_wconf 89' lang='lat' dir='ltr'><strong>intuebatur</strong></span> <span class='ocrx_word' id='word_1_198' title='bbox 591 3147 624 3201; x_wconf 87' lang='lat' dir='ltr'><strong>ct</strong></span> <span class='ocrx_word' id='word_1_199' title='bbox 638 3123 789 3224; x_wconf 78' lang='lat' dir='ltr'><strong>legebat,</strong></span> <span class='ocrx_word' id='word_1_200' title='bbox 808 3147 840 3200; x_wconf 89' lang='lat' dir='ltr'><strong>et</strong></span> <span class='ocrx_word' id='word_1_201' title='bbox 856 3135 975 3224; x_wconf 84' lang='lat' dir='ltr'><strong>jugiter</strong></span> <span class='ocrx_word' id='word_1_202' title='bbox 994 3158 1032 3202; x_wconf 88' lang='lat' dir='ltr'><strong>ac</strong></span> <span class='ocrx_word' id='word_1_203' title='bbox 1045 3129 1186 3204; x_wconf 86' lang='lat' dir='ltr'><strong>ubertim</strong></span> <span class='ocrx_word' id='word_1_204' title='bbox 1201 3133 1328 3201; x_wconf 79' lang='lat' dir='ltr'><strong>tiebat:</strong></span> <span class='ocrx_word' id='word_1_205' title='bbox 1349 3143 1384 3200; x_wconf 87' lang='lat' dir='ltr'><strong>et</strong></span> 
     </span>
     <span class='ocr_line' id='line_1_27' title="bbox 346 3237 1383 3330; baseline 0.002 -28"><span class='ocrx_word' id='word_1_206' title='bbox 346 3269 359 3302; x_wconf 72' lang='lat' dir='ltr'><strong>a</strong></span> <span class='ocrx_word' id='word_1_207' title='bbox 392 3263 433 3304; x_wconf 87' lang='lat' dir='ltr'><strong>ne</strong></span> <span class='ocrx_word' id='word_1_208' title='bbox 446 3238 581 3304; x_wconf 87' lang='lat' dir='ltr'><strong>intentio</strong></span> <span class='ocrx_word' id='word_1_209' title='bbox 589 3238 659 3327; x_wconf 87' lang='lat' dir='ltr'><strong>ejus</strong></span> <span class='ocrx_word' id='word_1_210' title='bbox 671 3245 689 3312; x_wconf 72' lang='lat' dir='ltr'><strong>a</strong></span> <span class='ocrx_word' id='word_1_211' title='bbox 701 3262 864 3328; x_wconf 90' lang='lat' dir='ltr'><strong>quoquam</strong></span> <span class='ocrx_word' id='word_1_212' title='bbox 876 3239 1101 3330; x_wconf 85' lang='lat' dir='ltr'><strong>impediretur,</strong></span> <span class='ocrx_word' id='word_1_213' title='bbox 1112 3251 1186 3306; x_wconf 88' lang='lat' dir='ltr'><strong>ante</strong></span> <span class='ocrx_word' id='word_1_214' title='bbox 1198 3239 1267 3305; x_wconf 90' lang='lat' dir='ltr'><strong>dies</strong></span> <span class='ocrx_word' id='word_1_215' title='bbox 1277 3237 1383 3310; x_wconf 64' lang='lat' dir='ltr'><strong>ferme</strong></span> 
     </span>
     <span class='ocr_line' id='line_1_28' title="bbox 263 3346 1382 3438; baseline 0.002 -29"><span class='ocrx_word' id='word_1_216' title='bbox 263 3357 269 3363; x_wconf 87' lang='grc'><em>“</em></span> <span class='ocrx_word' id='word_1_217' title='bbox 329 3377 362 3409; x_wconf 70' lang='grc'><strong>·»</strong></span> <span class='ocrx_word' id='word_1_218' title='bbox 392 3347 506 3414; x_wconf 88' lang='lat' dir='ltr'><strong>decem</strong></span> <span class='ocrx_word' id='word_1_219' title='bbox 521 3353 617 3437; x_wconf 72' lang='lat' dir='ltr'><strong>quam</strong></span> <span class='ocrx_word' id='word_1_220' title='bbox 633 3347 733 3413; x_wconf 85' lang='lat' dir='ltr'><strong>exiret</strong></span> <span class='ocrx_word' id='word_1_221' title='bbox 748 3347 788 3414; x_wconf 89' lang='lat' dir='ltr'><strong>de</strong></span> <span class='ocrx_word' id='word_1_222' title='bbox 804 3370 958 3437; x_wconf 90' lang='lat' dir='ltr'><strong>corpore,</strong></span> <span class='ocrx_word' id='word_1_223' title='bbox 972 3353 990 3416; x_wconf 71' lang='lat' dir='ltr'><strong>a</strong></span> <span class='ocrx_word' id='word_1_224' title='bbox 1002 3348 1095 3418; x_wconf 89' lang='lat' dir='ltr'><strong>nohis</strong></span> <span class='ocrx_word' id='word_1_225' title='bbox 1107 3346 1282 3438; x_wconf 87' lang='lat' dir='ltr'><strong>postularit</strong></span> <span class='ocrx_word' id='word_1_226' title='bbox 1296 3369 1382 3435; x_wconf 79' lang='lat' dir='ltr'><strong>prae-</strong></span> 
     </span>
     <span class='ocr_line' id='line_1_29' title="bbox 350 3443 1381 3544; baseline 0.001 -28"><span class='ocrx_word' id='word_1_227' title='bbox 350 3483 363 3516; x_wconf 80' lang='lat'>»</span> <span class='ocrx_word' id='word_1_228' title='bbox 392 3453 554 3530; x_wconf 84' lang='lat' dir='ltr'><strong>sentibus,</strong></span> <span class='ocrx_word' id='word_1_229' title='bbox 571 3476 613 3519; x_wconf 91' lang='lat' dir='ltr'><strong>ne</strong></span> <span class='ocrx_word' id='word_1_230' title='bbox 635 3453 706 3542; x_wconf 88' lang='lat' dir='ltr'><strong>quis</strong></span> <span class='ocrx_word' id='word_1_231' title='bbox 729 3454 971 3544; x_wconf 85' lang='lat' dir='ltr'><strong>ingrederetur,</strong></span> <span class='ocrx_word' id='word_1_232' title='bbox 988 3455 1049 3520; x_wconf 91' lang='lat' dir='ltr'><strong>nisi</strong></span> <span class='ocrx_word' id='word_1_233' title='bbox 1066 3455 1103 3522; x_wconf 90' lang='lat' dir='ltr'><strong>iis</strong></span> <span class='ocrx_word' id='word_1_234' title='bbox 1118 3443 1245 3521; x_wconf 78' lang='lat' dir='ltr'><strong>tautum</strong></span> <span class='ocrx_word' id='word_1_235' title='bbox 1267 3453 1381 3531; x_wconf 89' lang='lat' dir='ltr'><strong>horis,</strong></span> 
     </span>
     <span class='ocr_line' id='line_1_30' title="bbox 348 3558 1384 3653; baseline -0.001 -28"><span class='ocrx_word' id='word_1_236' title='bbox 348 3590 360 3625; x_wconf 73' lang='lat' dir='ltr'><strong>a</strong></span> <span class='ocrx_word' id='word_1_237' title='bbox 391 3559 507 3653; x_wconf 88' lang='lat' dir='ltr'><strong>quibus</strong></span> <span class='ocrx_word' id='word_1_238' title='bbox 523 3559 640 3628; x_wconf 88' lang='lat' dir='ltr'><strong>medici</strong></span> <span class='ocrx_word' id='word_1_239' title='bbox 660 3559 702 3626; x_wconf 89' lang='lat' dir='ltr'><strong>ad</strong></span> <span class='ocrx_word' id='word_1_240' title='bbox 716 3561 952 3652; x_wconf 90' lang='lat' dir='ltr'><strong>inspiciendum</strong></span> <span class='ocrx_word' id='word_1_241' title='bbox 974 3561 1154 3639; x_wconf 85' lang='lat' dir='ltr'><strong>intrarent,</strong></span> <span class='ocrx_word' id='word_1_242' title='bbox 1177 3558 1228 3625; x_wconf 82' lang='lat' dir='ltr'><strong>vei</strong></span> <span class='ocrx_word' id='word_1_243' title='bbox 1249 3563 1329 3628; x_wconf 87' lang='lat' dir='ltr'><strong>cirm</strong></span> <span class='ocrx_word' id='word_1_244' title='bbox 1353 3558 1384 3624; x_wconf 90' lang='lat' dir='ltr'><strong>ci</strong></span> 
     </span>
     <span class='ocr_line' id='line_1_31' title="bbox 329 3665 1385 3758; baseline -0.001 -28"><span class='ocrx_word' id='word_1_245' title='bbox 329 3754 331 3758; x_wconf 10' lang='lat' dir='ltr'>y</span> <span class='ocrx_word' id='word_1_246' title='bbox 348 3695 360 3730; x_wconf 73' lang='lat' dir='ltr'><strong>a</strong></span> <span class='ocrx_word' id='word_1_247' title='bbox 392 3665 524 3734; x_wconf 82' lang='lat' dir='ltr'><strong>refectio</strong></span> <span class='ocrx_word' id='word_1_248' title='bbox 537 3667 718 3734; x_wconf 86' lang='lat' dir='ltr'><strong>inferretur.</strong></span> <span class='ocrx_word' id='word_1_249' title='bbox 739 3669 780 3733; x_wconf 88' lang='lat' dir='ltr'><strong>Et</strong></span> <span class='ocrx_word' id='word_1_250' title='bbox 796 3669 839 3735; x_wconf 77' lang='lat' dir='ltr'><strong>ita</strong></span> <span class='ocrx_word' id='word_1_251' title='bbox 852 3669 1058 3736; x_wconf 83' lang='lat' dir='ltr'><strong>observatum</strong></span> <span class='ocrx_word' id='word_1_252' title='bbox 1074 3691 1113 3735; x_wconf 92' lang='lat' dir='ltr'><strong>ac</strong></span> <span class='ocrx_word' id='word_1_253' title='bbox 1127 3667 1251 3734; x_wconf 85' lang='lat' dir='ltr'><strong>iactum</strong></span> <span class='ocrx_word' id='word_1_254' title='bbox 1262 3677 1330 3742; x_wconf 89' lang='lat' dir='ltr'><strong>est,</strong></span> <span class='ocrx_word' id='word_1_255' title='bbox 1351 3676 1385 3730; x_wconf 89' lang='lat' dir='ltr'><strong>et</strong></span> 
     </span>
     <span class='ocr_line' id='line_1_32' title="bbox 260 3773 1384 3865; baseline 0.005 -29"><span class='ocrx_word' id='word_1_256' title='bbox 260 3823 263 3830; x_wconf 63' lang='grc'>,</span> <span class='ocrx_word' id='word_1_257' title='bbox 352 3804 364 3836; x_wconf 76' lang='lat' dir='ltr'><strong>a</strong></span> <span class='ocrx_word' id='word_1_258' title='bbox 394 3775 481 3842; x_wconf 90' lang='lat' dir='ltr'><strong>omni</strong></span> <span class='ocrx_word' id='word_1_259' title='bbox 494 3773 549 3841; x_wconf 94' lang='lat' dir='ltr'><strong>illo</strong></span> <span class='ocrx_word' id='word_1_260' title='bbox 561 3787 706 3865; x_wconf 88' lang='lat' dir='ltr'><strong>ternpore</strong></span> <span class='ocrx_word' id='word_1_261' title='bbox 722 3777 859 3844; x_wconf 90' lang='lat' dir='ltr'><strong>orationi</strong></span> <span class='ocrx_word' id='word_1_262' title='bbox 870 3777 1013 3845; x_wconf 84' lang='lat' dir='ltr'><strong>vacabat.</strong></span> <span class='ocrx_word' id='word_1_263' title='bbox 1024 3773 1169 3847; x_wconf 77' lang='lat' dir='ltr'><strong>Verbum</strong></span> <span class='ocrx_word' id='word_1_264' title='bbox 1185 3773 1264 3851; x_wconf 91' lang='lat' dir='ltr'><strong>Dei,</strong></span> <span class='ocrx_word' id='word_1_265' title='bbox 1280 3777 1384 3862; x_wconf 62' lang='lat' dir='ltr'><strong>usque</strong></span> 
     </span>
     <span class='ocr_line' id='line_1_33' title="bbox 339 3879 1383 3973; baseline -0.001 -27"><span class='ocrx_word' id='word_1_266' title='bbox 339 3909 362 3961; x_wconf 66' lang='lat' dir='ltr'><strong>a</strong></span> <span class='ocrx_word' id='word_1_267' title='bbox 394 3881 434 3946; x_wconf 88' lang='lat' dir='ltr'><strong>ad</strong></span> <span class='ocrx_word' id='word_1_268' title='bbox 450 3881 549 3970; x_wconf 87' lang='lat' dir='ltr'><strong>ipsam</strong></span> <span class='ocrx_word' id='word_1_269' title='bbox 561 3893 841 3951; x_wconf 83' lang='lat' dir='ltr'><strong>suamextre&#39;mam</strong></span> <span class='ocrx_word' id='word_1_270' title='bbox 852 3881 1091 3973; x_wconf 83' lang='lat' dir='ltr'><strong>aegritudinem,</strong></span> <span class='ocrx_word' id='word_1_271' title='bbox 1105 3879 1383 3972; x_wconf 67' lang='lat' dir='ltr'><strong>impraetermisse,</strong></span> 
     </span>
    </p>
   </div>
   <div class='ocr_carea' id='block_1_6' title="bbox 0 0 1514 4570">
    <p class='ocr_par' dir='ltr' id='par_1_11' title="bbox 0 0 1514 4570">
     <span class='ocr_line' id='line_1_34' title="bbox 0 0 1514 4570; baseline 0 0"><span class='ocrx_word' id='word_1_272' title='bbox 0 0 1514 4570; x_wconf 95' lang='lat' dir='ltr'><strong> </strong></span> 
     </span>
    </p>
   </div>
   <div class='ocr_carea' id='block_1_7' title="bbox 1482 0 1506 3744">
    <p class='ocr_par' dir='ltr' id='par_1_12' title="bbox 1482 0 1506 3744">
     <span class='ocr_line' id='line_1_35' title="bbox 1482 0 1506 3744; baseline 0 0"><span class='ocrx_word' id='word_1_273' title='bbox 1482 0 1506 3744; x_wconf 95' lang='lat' dir='ltr'><strong> </strong></span> 
     </span>
    </p>
   </div>
  </div>
 </body>
</html>
