2940 4570
772 322 783 406 (
812 319 906 406 1o8)
1020 315 1030 320 ”

331 483 343 517 ι
378 468 617 544 aequoreae...
642 454 785 542 (Tune)
804 477 921 544 magno
935 453 986 520 isti
998 451 1066 518 viro
1078 449 1240 540 supplicos
1252 446 1356 520 liunt,

331 588 344 620 t
374 573 521 642 orantes,
544 573 580 626 ut
599 583 657 650 per
677 584 752 628 aum
769 583 864 648 qoam
886 561 953 648 ipse
976 557 1080 626 Deum
1103 565 1291 646 agnosceret
1318 575 1360 616 ac

331 693 344 726 ι
375 666 583 753 predicaret,
599 691 694 756 qoem
712 666 814 734 solum
830 673 940 734 resera
962 665 1066 732 Deum
1082 687 1171 740 esse,
1190 673 1223 728 et
1239 662 1272 727 in
1286 681 1371 744 om-¹

331 797 346 832 ι
375 793 432 837 nes
443 772 611 864 imperium
628 772 749 840 babere
765 772 1018 856 confiterentur,
1033 768 1109 846 mali
1123 769 1280 858 impeturn
1298 763 1361 828 sis-

331 902 344 936 »
378 887 459 942 teret
473 889 506 942 et
529 876 700 942 inhiberet.
724 875 807 942 cum
835 887 998 964 spectrum
1019 871 1100 940 illud
1122 883 1197 936 anta
1216 869 1362 935 suturam

297 1027 302 1044 .
331 1005 346 1037 ι
375 990 499 1066 pestem
516 976 611 1044 alicui
628 977 737 1043 domui
749 988 938 1066 appareret,
956 997 994 1040 ao
1005 974 1151 1064 protinus
1164 969 1361 1060 desperatio-

330 1109 345 1143 ι
376 1103 451 1149 nem
462 1081 533 1146 vitae
542 1081 776 1148 habitatoribus
790 1081 952 1170 injiceret,
961 1103 1022 1144 una
1037 1075 1294 1167 periclitantibus
1306 1095 1360 1137 sa-

333 1217 346 1250 »
376 1186 450 1254 lutis
466 1189 547 1253 ratio
563 1199 656 1263 erat,
679 1188 705 1253 si
721 1185 789 1268 illas
805 1186 889 1252 aedes
905 1185 1038 1274 Magnus
1059 1182 1230 1270 Gregorius
1251 1180 1363 1268 ingre-

333 1321 345 1370 ¹!
377 1291 529 1378 deretur,
547 1314 586 1356 ae
602 1313 661 1379 per
676 1313 787 1378 preces
803 1290 953 1356 morbum
969 1338 978 1364 ,
1003 1288 1057 1376 qui
1073 1287 1206 1352 domum
1224 1283 1363 1350 invasis-

277 1433 278 1438 ι
333 1428 346 1459 »
376 1409 446 1476 set,
474 1397 644 1488 repelleret
666 1421 704 1464 ac
729 1409 969 1466 summoveret..
978 1395 1061 1462 Ciam
1082 1406 1189 1460 autem
1211 1390 1364 1480 celeriter

333 1533 346 1566 a
377 1529 436 1594 per
450 1505 577 1612 eosqui
593 1503 688 1593 primi
707 1509 743 1570 eb
759 1504 883 1572 ratione
907 1504 1023 1572 serrati
1045 1503 1171 1579 luerunt
1190 1499 1231 1568 ad
1247 1519 1361 1566 omnes

334 1641 355 1690 ι
376 1613 461 1678 fama
484 1617 719 1702 permunisset,
741 1614 869 1704 omnia,
896 1637 966 1703 quae
989 1612 1078 1701 pribs
1100 1610 1239 1676 vanitate
1263 1619 1362 1698 atque

334 1745 347 1796 ι
378 1713 510 1782 stultitia
537 1714 665 1782 adducti
681 1715 858 1794 curabant,
863 1715 1114 1792 emittebantur
1137 1711 1286 1792 oracula,
1306 1735 1360 1778 sa-

334 1850 347 1882 »
379 1821 500 1910 crilicin
515 1871 524 1900 ,
541 1820 734 1910 piacularia,
753 1822 785 1888 in
802 1821 943 1888 delubris
956 1820 1201 1912 simulacrorum
1217 1841 1362 1888 commo·

335 1955 348 1988 ι
377 1928 483 2006 ratio,
508 1927 658 2013 omnibus
682 1950 835 2015 magnum
864 1927 1063 1994 sacerdotem
1085 1925 1306 1998 intuentihus,
1329 1935 1363 1992 et

237 2080 246 2090 .
334 2061 346 2094 ι
378 2055 571 2120 unoquoque
588 2030 714 2096 eumad
729 2031 873 2095 setotius
889 2030 1017 2096 familia
1032 2053 1096 2096 suae
1112 2029 1361 2118 servandaegra-

335 2166 347 2198 »
378 2138 421 2202 tit
438 2137 606 2204 alliciente.
625 2135 808 2204 Mercedem
831 2149 938 2204 autem
956 2137 995 2202 ab
1011 2137 1050 2202 iis
1063 2139 1116 2226 qui
1128 2137 1362 2211 servabantur,

336 2271 348 2303 ι
380 2241 515 2308 salutem
541 2243 719 2312 animarum
741 2243 1007 2332 consequebatur.
1024 2272 1037 2310 ι
1066 2243 1191 2336 (Grcg.
1216 2243 1296 2334 llys.
1324 2244 1364 2306 in

319 2348 394 2438 ιιιὶι.
410 2345 571 2434 Tboom.)
667 2409 669 2414 ,

379 2454 527 2520 lntersuit
549 2461 611 2521 unt
634 2477 708 2522 cum
733 2453 940 2522 Athenodoro
959 2456 1058 2528 fratre
1080 2478 1137 2522 suo
1163 2456 1367 2548 congregatis

336 2557 516 2626 Antiochiae
542 2571 654 2626 contra
677 2557 812 2624 Paulum
832 2559 1077 2632 samosatenum
1099 2561 1254 2651 episcopis
1275 2583 1361 2628 anno

337 2665 413 2741 alil,
427 2661 650 2752 celebremque
663 2665 788 2751 scripsit
800 2666 988 2756 canonicam
999 2663 1265 2755 epistolamque
1278 2689 1359 2732 non-

237 2859 238 2862 *
334 2768 439 2842 nullas
456 2771 542 2836 circa
563 2771 784 2862 paenitentiam
807 2770 931 2862 regulas
948 2771 1182 2861 complectitur.
1203 2772 1285 2842 cum
1303 2796 1361 2838 au-

334 2887 398 2942 tem
419 2874 536 2942 Paulus
557 2877 783 2943 Samosatenus
800 2879 833 2943 in
850 2875 1057 2948 Antiochensi
1081 2878 1203 2968 synodo
1219 2879 1361 2945 intenta-

334 2993 400 3044 tam
413 2977 671 3046 dissimu‘lavissot
682 2981 827 3048 heresim
838 3031 850 3059 ,
863 2994 1090 3070 congregatum
1103 2994 1169 3060 est,
1184 3005 1268 3052 anno
1283 2985 1359 3070 aliq,

334 3084 511 3152 secundum
533 3073 576 3150 ad
590 3085 737 3152 eamdem
758 3085 872 3154 urbem
888 3084 1080 3162 concilium,
1103 3086 1156 3152 cui
1172 3085 1360 3175 subscripsit

334 3190 524 3258 Theodorus
538 3191 688 3278 quidam,
705 3191 759 3279 qui
778 3191 803 3256 si
815 3215 874 3279 pro
886 3203 997 3260 nostro
1013 3191 1146 3258 doctore
1162 3203 1356 3272 assumatur,

225 3378 226 3382 Ἰ
333 3318 420 3364 mors
435 3298 503 3385 ojus
523 3297 563 3362 ad
586 3311 707 3364 annum
725 3321 787 3385 270
803 3297 970 3368 referenda
986 3295 1123 3370 videtur
1139 3297 1232 3362 lllorti
1248 3295 1358 3390 prosi-

333 3423 424 3508 mus,
442 3401 602 3470 sollicite
594 3404 778 3492 inquisivit,
796 3403 1018 3472 utritmvclin
1036 3401 1359 3479 urbe,veltnterr1

332 3487 415 3590 torio
431 3504 527 3595 aliqui
543 3508 719 3574 etiamnbm
740 3521 944 3576 remanerent
960 3509 1088 3576 Ethnic
1079 3533 1109 3584 ι,
1127 3519 1357 3598 compertoque

333 3607 420 3698 qubd
432 3610 538 3678 adhbc
542 3612 781 3703 septemdecim
794 3591 1002 3701 supererant,
1015 3613 1084 3680 Deo
1099 3613 1215 3704 gratias
1230 3635 1356 3702 agens:

333 3741 346 3774 ι
377 3713 561 3792 'lotidem'
552 3716 669 3806 inquit,
683 3727 774 3796 erant
786 3715 897 3784 fideles
911 3767 923 3796 ,
935 3722 1008 3786 ciam
1019 3718 1088 3814 cepi
1100 3717 1357 3816 episcopaturum¹

336 3818 346 3903 (
361 3817 457 3886 Idem
472 3870 480 3896 ,
498 3819 650 3908 ibidem.)
