2956 4586
250 499 259 515 ,
698 413 752 500 (⁷
777 411 796 499 )-
988 505 991 510 ,

224 535 620 648 quosdam,usquead
631 535 831 616 Creatoris
847 535 991 614 solium
1000 533 1266 636 ascendentes,

224 663 343 744 modb
364 662 626 742 inenarrabili
647 661 1023 742 laetitid'cxaltantes
1046 662 1269 740 misericor-

220 789 327 869 diam
339 788 474 867 .Verbi
488 785 617 866 divini
632 787 802 886 Christi,
821 788 905 894 qui,
918 783 1069 865 cirmsit
1083 785 1271 894 splendor

218 915 356 997 Putris
367 915 543 1020 etfigurc
552 914 905 1021 subnectimus&
920 913 1270 992 exinanivitsemet-

219 1041 346 1147 ipsum
363 1039 403 1116 in
418 1038 708 1116 similitudinem
722 1038 1067 1139 hominumsactus
1080 1054 1115 1116 et
1130 1038 1267 1116 habitu

219 1165 393 1242 inventur
408 1181 449 1240 ut
464 1161 620 1241 lamam!
631 1163 763 1265 Quam
778 1164 952 1242 suaviter
965 1190 1076 1242 mens
1085 1164 1266 1267 erigitur,

220 1289 310 1370 olim
330 1289 488 1366 invictis
508 1286 783 1368 demonstrant
804 1289 1057 1394 argumentis,
1073 1286 1186 1395 qubd
1201 1285 1268 1365 dc·
1292 1281 1306 1293 ’

159 1463 161 1470 ,
220 1413 376 1496 ficicnte
398 1441 583 1518 corpore,
610 1415 741 1491 anima
772 1441 856 1491 non
882 1411 1062 1511 deficiat,
1090 1411 1158 1492 sed
1185 1412 1267 1519 ejus

200 1566 306 1646 rspes
331 1539 628 1618 immortalitate
657 1539 773 1645 plena
797 1536 871 1618 'sitl
896 1537 998 1640 Quis
1034 1538 1089 1616 ita
1116 1537 1266 1616 ferreus

219 1657 362 1744 timore
378 1693 462 1743 non
484 1665 784 1771 percelleretur,
804 1663 894 1772 cirm
914 1665 1104 1744 intonant
1114 1662 1267 1771 judicia

220 1793 310 1889 Dei,
328 1791 614 1899 patefactisque
636 1783 784 1868 inferni
813 1789 1057 1894 gurgitibus,
1076 1789 1188 1868 malis
1208 1791 1269 1868 in-

220 1910 378 1994 tentant
394 1933 635 1994 aeternorum
653 1917 780 1994 minas
796 1915 1112 2021 suppliciorum?
1123 1913 1268 1994 Vidcn'

219 2040 425 2150 quomodo
445 2042 629 2120 Ecclesiae
649 2044 768 2148 supra
778 2058 933 2148 petram
948 2040 1126 2150 fundatas
1142 2041 1269 2120 robur

218 2167 426 2246 stabiliant
437 2168 731 2266 inconcussum,
741 2165 948 2274 quomodb
962 2165 1189 2246 difficiliora
1206 2195 1269 2246 ex·

220 2291 388 2396 planent
403 2292 695 2396 Prophetarum
710 2291 959 2400 aliarumque
973 2290 1267 2398 Scripturarum

222 2415 327 2513 loca,
359 2413 564 2522 quomodb
582 2444 655 2494 nos
679 2415 850 2497 doceant
869 2417 1021 2495 donum
1042 2418 1115 2494 Dei
1135 2418 1178 2494 in
1203 2417 1269 2494 Sa-

223 2539 436 2618 cramentis
457 2538 758 2638 absconditum,
784 2569 875 2649 quae
903 2541 1095 2647 tanquam
1119 2557 1267 2645 septem

222 2664 297 2742 rivi
322 2680 451 2742 totum
475 2664 644 2769 irrigant
659 2663 798 2742 orbem
815 2665 1096 2761 christianum,
1113 2680 1152 2740 et
1165 2662 1269 2742 liunt

222 2787 476 2868 credentibus
481 2790 620 2889 flantes
635 2816 751 2895 aqum
765 2789 942 2895 solientis
956 2790 997 2866 in
1018 2789 1145 2866 uitam
1163 2805 1270 2866 cetera

222 2941 317 2992 nam
330 2906 344 2958 3
357 2912 373 2988 Ρ
387 2911 499 3014 Quid
516 2911 647 2990 dicam
667 2910 716 2989 de
728 2909 940 3018 praeceptis
952 2913 1031 2990 illis
1051 2912 1269 2994 moralibus

222 3037 370 3144 quibus
390 3039 470 3114 tam
486 3036 589 3115 clare
612 3037 840 3148 exponitur,
862 3064 945 3143 quo
969 3049 1102 3114 amore
1123 3039 1267 3135 Deum,
1381 3059 1383 3066 ’

145 3239 151 3246 ,
222 3188 303 3267 quo
333 3161 503 3238 horrore
529 3177 750 3266 peccatum,
780 3187 863 3266 quo
893 3177 1125 3267 contemptu
1152 3157 1267 3238 mun-

71 3339 75 3344 -
184 3357 186 3362 .
222 3284 339 3384 dum,
360 3286 440 3394 qud
465 3285 657 3363 charitate
680 3287 934 3392 proximum,
959 3285 1039 3392 qud
1063 3285 1268 3366 severitate
1372 3363 1374 3368 .

221 3413 484 3518 nosmetipsos
498 3411 687 3518 prosequi
707 3409 936 3489 debeamus!

275 3536 365 3620 Scio
380 3533 566 3642 equidem
587 3552 736 3612 tantam
758 3562 839 3613 esse
855 3535 1021 3613 humani
1035 3535 1186 3640 ingenii
1205 3537 1268 3613 in-

223 3660 462 3757 firmitatem,
477 3679 522 3738 ut
541 3659 649 3736 nulla
662 3657 742 3736 fere
761 3676 975 3736 occurrant
995 3661 1074 3736 tam
1093 3659 1270 3765 perfecta

222 3812 359 3890 opera,
383 3813 474 3893 quae
496 3784 733 3893 necesssario
759 3783 996 3897 illonostrae
1019 3783 1267 3862 conditionis

211 4038 214 4044 Ι
256 3972 266 4000 ¹
282 3961 356 4014 flcbr.
371 3961 428 4028 1',3.
446 3948 505 4028 -ᾈ
518 3962 605 4032 Philip.
619 3979 646 4030 u,
660 3979 685 4030 7.
699 3985 730 4004 -
745 3960 756 4002 ³
769 3965 840 4016 toan.
855 3979 893 4029 zv,
910 3961 951 4029 ¹l·
