2960 4592
750 373 761 458 (
788 363 848 437 552
867 367 886 453 ,l
965 395 973 430 s

246 539 254 550 ·
304 522 381 584 cona
395 515 616 608 operantibus
629 501 663 582 S.
680 508 857 583 benedicte
870 514 1061 604 biscepensi
1080 497 1341 581 wiremuthensi

202 623 206 629 “
304 615 424 692 llbbati
439 635 472 690 et
492 618 691 690 larrotensis
713 623 899 690 monasterii
925 621 1089 688 fundatori
1105 619 1232 686 oblatus
1263 619 1336 691 esta
1421 663 1426 668 -

304 728 418 816 quota
434 719 628 812 manasseto
651 725 693 790 sa
710 725 774 791 sas
794 717 893 816 pent
909 720 1044 790 ratam
1062 707 1230 790 maereo
1251 719 1351 811 age*

303 833 392 900 mine
405 831 551 922 pueritie
565 843 597 896 et
612 829 788 920 juventutis
803 829 962 920 primitias
973 831 1085 918 pietati
1100 829 1257 896 dedicarit
1273 877 1281 904 ,
1304 837 1342 892 ut

247 1013 250 1020 ¹
305 938 423 1006 decern
432 935 469 1004 el
476 953 597 1003 novem
612 950 713 1002 annos
729 948 823 1002 natus
836 938 869 1002 in
880 935 1060 1004 Diaconum
1073 935 1262 1024 eligardum
1275 933 1343 998 ime

305 1042 426 1132 etpost
443 1065 543 1108 annos
563 1040 714 1108 undecim
730 1049 748 1106 a
770 1041 895 1107 donnae
910 1041 1155 1131 Hagulstadensi
1173 1035 1335 1130 Episcopo

308 1153 518 1218 consecratur
535 1146 703 1213 Sacerdos.
724 1147 956 1214 Ecclesiasticis
970 1149 1176 1238 profanisque
1200 1147 1340 1213 scientiis

309 1256 477 1332 incubuit,
492 1277 619 1343 semper
634 1253 940 1333 lectioni'insistens‚
958 1256 1019 1321 nisi
1042 1253 1090 1322 vel
1108 1255 1262 1332 doceret,
1288 1253 1340 1320 vel

310 1361 486 1434 scriberet;
513 1359 660 1426 docendo
685 1361 772 1425 enim
796 1359 905 1448 plures
932 1361 1117 1427 informavit
1139 1355 1338 1450 discipulos,

305 1465 541 1554 scribendoque
563 1463 654 1552 plura
680 1463 720 1528 de
742 1461 890 1552 pluribus
912 1465 1052 1541 confecit
1075 1479 1172 1555 oper'a
1188 1475 1200 1543 ,“
1221 1463 1340 1555 quibus

305 1592 455 1658 magnam
471 1569 556 1658 apud
572 1580 751 1636 coaetaneos
768 1568 1054 1638 doctrinae'famcm
1068 1571 1263 1660 promeritus
1277 1582 1336 1638 est.

306 1676 537 1744 animumne
552 1676 692 1744 esaeiae
709 1675 1100 1766 aestumasset
1118 1657 1341 1769 canopos

305 1782 461 1850 teric'rum
484 1779 582 1850 etiam
605 1793 791 1873 temporum
819 1785 1100 1852 concionatoribus
1128 1783 1273 1862 inutilis,
1303 1799 1341 1851 ut
1418 1789 1422 1794 ’

305 1903 393 1979 patet
408 1884 555 1980 exemplo
575 1892 673 1980 patris
696 1889 881 1978 tardatio,
905 1893 959 1981 qui
979 1891 1071 1959 illum
1095 1894 1211 1982 saepibs
1228 1890 1342 1958 laudat

306 1997 340 2063 in
363 1985 576 2063 sermonibus.
596 1995 715 2089 Praeter
735 1983 831 2084 opera
849 1995 888 2062 de
903 1999 1043 2086 profanis
1060 1997 1248 2088 disciplinis,
1268 2021 1342 2088 quae

289 2102 545 2170 'referre'nostri
557 2095 623 2168 non
641 2113 689 2168 'est
703 2101 857 2179 instituti,
874 2103 1020 2196 scripsit:
1043 2117 1082 2170 ιο.
1103 2100 1290 2172 Historiam
1302 2105 1342 2171 de

308 2207 406 2273 rebus
416 2207 623 2300 Anglicaais
640 2207 741 2274 libros
756 2209 1034 2276 innocentioribus
1051 2211 1181 2300 quidem
1196 2209 1262 2277 fide
1277 2235 1340 2277 non

312 2313 479 2403 indignos,
494 2315 527 2380 in
544 2313 770 2380 remotioribus
787 2327 894 2382 autem
906 2338 972 2381 non
986 2317 1059 2382 satis
1073 2329 1251 2395 accuratos,
1265 2321 1342 2384 clam

307 2419 394 2487 falsis
415 2420 601 2511 aliquandiu
626 2413 818 2487 testimoniis
835 2421 972 2488 nimium
987 2421 1152 2512 indulgeat
1160 2447 1170 2496 3
1192 2435 1233 2488 2⁰.
1253 2445 1340 2488 non·

309 2527 405 2594 nulla
420 2528 644 2615 quorumdam
660 2529 864 2594 Sanctorum
879 2543 980 2606 ceta5
1004 2529 1047 2594 5⁰.
1071 2527 1340 2594 Commentarios

310 2632 401 2696 circa
413 2647 504 2711 vetas
520 2655 710 2718 novumque
724 2617 990 2710 Testamentum,
1008 2633 1062 2721 qui
1079 2633 1243 2698 sententiis
1258 2656 1345 2722 prae-

216 2725 217 2730 ἵ
310 2739 420 2804 sertim
448 2752 634 2806 sanctorum
655 2739 786 2804 Petrum
810 2740 1029 2805 concatenatis
1051 2736 1263 2813 coalescunt;
1291 2742 1337 2818 4⁰.
1389 2819 1393 2836 .

311 2841 420 2932 plures
436 2845 477 2910 de
494 2859 657 2936 tempore,
670 2843 721 2910 vel
730 2844 771 2910 de
784 2844 909 2912 Sanctis
923 2846 958 2912 H
960 2845 1106 2924 emiliam
1118 2845 1159 2910 5⁰.
1178 2845 1343 2928 Quosdam

311 2952 381 3016 elie
399 2953 583 3038 opuscula,
602 2974 671 3040 quae
687 2949 727 3016 ad
744 2949 870 3040 regulas
886 2941 1023 3018 morales
1045 2951 1344 3028 commendandas,

276 3103 277 3106 κ
314 3055 365 3123 vel
399 3057 584 3123 enodandas
616 3057 789 3147 Scripturas
817 3082 914 3126 sacrae
948 3055 1151 3131 difficultates
1178 3059 1342 3149 praecipue
1379 3102 1386 3106 -

312 3175 472 3252 spectanta
709 3240 711 3245 .
1252 3181 1254 3184 ’
1296 3149 1301 3160 ’

355 3257 473 3336 ¹Clarus
486 3271 647 3337 scribendi
663 3269 777 3336 modus
794 3283 826 3336 et
842 3252 964 3348 facilis,
981 3295 1046 3336 uon
1059 3285 1167 3337 autem
1180 3271 1298 3339 nitidus
1311 3287 1344 3340 et

313 3370 463 3462 elegans;
488 3375 604 3440 frustra
621 3373 850 3463 cogitationum
866 3374 1077 3464 magnitudo,
1094 3373 1210 3440 frustra
1227 3377 1346 3442 verbo·

313 3503 387 3547 rum
415 3481 616 3548 desideratur
645 3463 819 3545 urbanitasss
848 3477 927 3560 Quae
951 3479 1026 3546 hinc
1049 3463 1080 3545 et
1100 3481 1176 3546 inde
1200 3483 1343 3572 perlecta

314 3585 402 3650 fideli
426 3587 635 3652 mandaverat
657 3587 841 3660 memoriae,
859 3585 1067 3652 meditatione
1081 3591 1197 3675 parom
1221 3587 1347 3678 digesta

313 3690 519 3778 projiciebat,
543 3690 746 3778 potiusqubm
762 3689 970 3782 proferebam
990 3713 1056 3756 non
1081 3691 1113 3756 in
1137 3695 1343 3780 praestantio-

313 3795 402 3860 ribus
411 3789 585 3886 deligendis
601 3793 712 3884 saga'x,
726 3795 827 3860 sedin
840 3795 941 3861 obviis
952 3795 1147 3886 quibuslibet
1163 3785 1344 3888 congeren-

315 3901 362 3970 dis
383 3902 517 3980 facilior.
539 3905 616 3993 Ejus
632 3904 817 3973 encomium
837 3897 1015 3998 unosve'rbo
1032 3903 1190 3973 conclusit
1210 3899 1344 3974 bonilo-
