2990 4570
804 312 815 394 t
841 312 901 390 a,
928 313 939 398 6

352 444 565 524 informatus,
584 446 710 536 forique
726 461 837 516 causas
855 447 1043 538 aliquandiu
1059 463 1200 519 sectatus
1214 454 1248 518 in
1260 452 1390 520 duabus

350 546 571 616 celeberrimis
589 548 723 620 urbibus
740 551 928 620 exercendae
944 551 1074 640 justitiae
1093 574 1213 622 munus
1234 557 1384 646 accepita

351 653 417 720 imb
432 666 466 720 at
479 659 594 745 postea
616 654 656 718 ab
681 655 824 722 Honorio
845 654 1043 744 Imperatore
1058 655 1100 724 ad
1115 658 1322 760 excellentius
1336 661 1391 728 of*

350 758 461 826 ficium
496 769 673 847 promotus.
707 757 950 848 Quinquaginta
980 773 1103 850 septem
1135 775 1237 830 annot
1264 777 1386 842 uatus,

350 863 383 930 id
403 875 451 932 est
465 886 517 930 an.
545 864 608 944 465
622 911 635 936 ,
659 875 787 928 aeternae
809 861 919 929 salutis
946 867 1117 954 operandae
1139 868 1300 936 desiderio
1325 869 1388 936 ssa-

348 992 463 1058 grans,
481 966 641 1056 reliquum
652 967 734 1043 ,vitae
750 981 877 1057 tempus
895 968 1106 1040 conficiendis
1122 973 1155 1040 iu
1172 973 1232 1060 Dei
1245 973 1386 1044 sanam

348 1099 485 1168 rumque
498 1076 655 1142 honorem
672 1073 802 1163 hymnis
814 1075 1003 1165 impendere
1018 1080 1195 1168 preposuit.

391 1183 476 1250 ilinc
502 1179 595 1274 plura
629 1181 756 1270 scripsit
787 1186 960 1270 poe'mata,
991 1184 1107 1272 quibus
1139 1186 1207 1252 fere
1231 1189 1384 1256 omnihus
1433 1241 1436 1246 -

347 1315 465 1384 graecas
480 1289 703 1379 inscriptiones
721 1291 893 1379 praemisit:
916 1303 960 1357 1.⁰
983 1293 1303 1384 Payehontaehinm,
1316 1298 1383 1365 sire

347 1401 461 1468 animae
483 1408 645 1488 pugnam,
663 1397 718 1461 uhi
735 1397 932 1464 hexametris
948 1399 1091 1466 versibus
1108 1401 1265 1468 virtutum
1287 1403 1382 1469 vitio-

345 1528 483 1595 rumque
497 1505 531 1571 in
546 1503 727 1569 Christiane
743 1515 852 1570 mente
864 1505 1043 1570 certamina
1061 1503 1216 1572 describit
1225 1532 1235 1582 a
1254 1520 1301 1574 a.⁰
1314 1508 1383 1574 Ca*

346 1613 554 1687 thamarim,
571 1608 622 1677 vel
641 1609 757 1678 diurna
780 1611 924 1678 carmina
944 1611 986 1677 ad
1007 1613 1248 1680 consecrandos
1268 1615 1380 1682 uuius-

346 1721 503 1810 cujusque
514 1719 577 1796 diei
590 1731 683 1784 aetus
697 1719 879 1808 praecipuos
891 1743 901 1794 3
916 1720 963 1786 60
977 1718 1191 1788 Coronarum
1202 1719 1334 1802 librum,
1347 1723 1382 1790 in

346 1845 411 1913 quo
431 1824 610 1914 Martyrum
633 1821 744 1891 laudes
767 1823 928 1900 concinite
956 1828 1004 1906 60
1020 1826 1240 1916 Apotheoses,
1267 1827 1319 1896 661
1340 1829 1383 1898 de

345 1931 522 1999 Divinitate
532 1943 710 2008 tractatus,
727 1932 844 2020 quihus
857 1931 1083 2021 Pagauorum,
1102 1932 1310 2014 Judaeorum,
1322 1935 1384 2004 Sa·

344 2036 586 2112 bellianorum,
617 2035 833 2112 Asianorum,
866 2035 1231 2128 Apollinaristarurnque
1253 2054 1381 2110 errores

345 2144 1382 2240 (166611665.οΑ666666666616666,6611666616666666666666

346 2263 459 2319 contra
474 2248 689 2326 Marcionem3
709 2252 757 2315 6.0
770 2250 895 2317 duos
867 2275 954 2320 crroa
970 2251 1206 2342 Symmachum
1220 2255 1320 2324 libros
1338 2257 1382 2324 ad

346 2358 542 2430 confutanda
558 2337 716 2424 idololat
677 2370 745 2424 tnae
762 2357 991 2435 deliramenta;
1011 2361 1059 2427 6.0
1076 2361 1214 2452 denique
1226 2363 1383 2460 Disticha

347 2467 387 2536 de
403 2464 595 2558 quibusdam
610 2464 726 2530 veteris
746 2465 884 2554 novique
900 2465 1099 2534 Testamenti
1118 2467 1281 2549 historiis,
1300 2489 1379 2560 quas

247 2569 250 2574 ’
346 2557 496 2662 longioris
511 2569 596 2635 forte
608 2569 736 2658 operis,
761 2569 948 2658 Dyttochoei
963 2571 1117 2648 nomine,
1136 2571 1176 2658 de
1192 2597 1256 2661 quo
1271 2572 1381 2664 loqui-

346 2689 400 2742 tur
413 2673 618 2749 Gennadius,
634 2670 784 2764 reliquias
801 2697 866 2738 non
882 2675 1045 2762 immerito
1062 2675 1208 2742 dixerim.

392 2781 464 2848 Non
480 2804 542 2850 con
543 2777 694 2877 serendus
706 2785 794 2846 certe
811 2802 887 2846 cum
900 2769 1124 2870 Augustiuiani
1134 2783 1236 2851 seculi
1249 2783 1380 2876 elegun-

345 2886 474 2960 tissimis
494 2864 729 3008 66616616666
789 2909 856 2952 nor
877 2884 931 2952 ille
946 2886 1159 2965 Prudentius,
1176 2911 1270 2978 cuyus
1282 2913 1379 2980 opera

346 2993 494 3059 barbaris
507 2991 606 3057 etiam
621 2885 941 3079 66666666666666
964 2993 1152 3057 scaturiunt
1180 2993 1337 3062 Nobiles'
1328 3021 1380 3064 rn-

292 3086 295 3120 ³
346 3097 477 3176 terdih,
506 3107 538 3163 et
561 3098 679 3164 sinceri
671 3097 870 3164 Christiani
886 3121 951 3164 non
975 3098 1121 3188 indignas
1143 3101 1378 3190 cogitationes,

245 3199 253 3206 ’
350 3203 536 3294 elegantiori
553 3201 694 3270 dictione
711 3215 952 3290 repraesentatas
968 3204 1119 3293 reperies.
1136 3205 1211 3282 Sic,
1229 3219 1264 3291 ut
1276 3231 1379 3297 pauca

347 3312 505 3394 reseram,
530 3310 571 3376 de
602 3309 759 3398 martyrio
783 3309 816 3374 S.
842 3311 998 3400 Hippoliti
1025 3313 1213 3403 praesbyteri
1242 3312 1381 3384 Romani

348 3443 465 3510 agens,
483 3421 528 3486 sic
540 3417 745 3486 Proconsulis
761 3419 828 3507 jam
843 3420 878 3486 in
893 3419 973 3488 solio
989 3420 1148 3501 sedentis,
1166 3435 1198 3490 et
1213 3425 1380 3494 carnifici·

349 3527 411 3592 hus
427 3522 535 3616 stipati
550 3525 674 3592 rabiem
686 3523 866 3614 exprimere
882 3539 1040 3620 conatur:

402 3750 415 3784 6
438 3724 518 3792 inde
533 3739 719 3798 catenarum
736 3743 858 3802 tractus
873 3783 882 3812 ,
897 3734 975 3804 hinc
992 3735 1079 3803 lorea
1094 3738 1194 3828 flagra
1210 3789 1219 3817 ,

441 3855 454 3894 6
486 3831 630 3930 Stridere
646 3836 830 3930 ,virgarum
849 3843 1072 3932 concrepitare
1085 3845 1203 3934 fragor.

1488 2261 1491 2468 l
