<?xml version="1.0" encoding="UTF-8"?>
<!DOCTYPE html PUBLIC "-//W3C//DTD XHTML 1.0 Transitional//EN"
    "http://www.w3.org/TR/xhtml1/DTD/xhtml1-transitional.dtd">
<html xmlns="http://www.w3.org/1999/xhtml" xml:lang="en" lang="en">
 <head>
  <title>
</title>
<meta http-equiv="Content-Type" content="text/html;charset=utf-8" />
  <meta name='ocr-system' content='tesseract 3.04.00' />
  <meta name='ocr-capabilities' content='ocr_page ocr_carea ocr_par ocr_line ocrx_word'/>
</head>
<body>
  <div class='ocr_page' id='page_1' title='image "./rhetoricasancto01cailgoog_0200.png"; bbox 0 0 2990 4570; ppageno 0'>
   <div class='ocr_carea' id='block_1_1' title="bbox 80 379 1146 2086">
    <p class='ocr_par' dir='ltr' id='par_1_1' title="bbox 533 379 668 466">
     <span class='ocr_line' id='line_1_1' title="bbox 533 379 668 466; baseline 0 -1"><span class='ocrx_word' id='word_1_1' title='bbox 533 379 544 465; x_wconf 85' lang='lat'>(</span> <span class='ocrx_word' id='word_1_2' title='bbox 572 379 668 466; x_wconf 72' lang='grc' dir='ltr'><strong>Ι95)</strong></span> 
     </span>
    </p>

    <p class='ocr_par' dir='ltr' id='par_1_2' title="bbox 80 509 1114 1234">
     <span class='ocr_line' id='line_1_2' title="bbox 80 509 1109 612; baseline 0.01 -34"><span class='ocrx_word' id='word_1_3' title='bbox 80 509 252 587; x_wconf 64' lang='lat' dir='ltr'><strong>videntum</strong></span> <span class='ocrx_word' id='word_1_4' title='bbox 273 525 318 580; x_wconf 57' lang='grc' dir='ltr'><strong>πθ</strong></span> <span class='ocrx_word' id='word_1_5' title='bbox 336 523 454 603; x_wconf 66' lang='lat' dir='ltr'><strong>poema</strong></span> <span class='ocrx_word' id='word_1_6' title='bbox 473 517 517 581; x_wconf 81' lang='lat' dir='ltr'><strong>ad</strong></span> <span class='ocrx_word' id='word_1_7' title='bbox 539 519 730 596; x_wconf 78' lang='lat' dir='ltr'><strong>Seleucum,</strong></span> <span class='ocrx_word' id='word_1_8' title='bbox 755 519 842 608; x_wconf 88' lang='lat' dir='ltr'><strong>quod</strong></span> <span class='ocrx_word' id='word_1_9' title='bbox 867 519 1023 612; x_wconf 72' lang='lat' dir='ltr'><strong>Gregorio</strong></span> <span class='ocrx_word' id='word_1_10' title='bbox 1044 519 1109 591; x_wconf 84' lang='lat' dir='ltr'><strong>Nn·</strong></span> 
     </span>
     <span class='ocr_line' id='line_1_3' title="bbox 83 618 1109 714; baseline 0.013 -31"><span class='ocrx_word' id='word_1_11' title='bbox 83 619 237 684; x_wconf 80' lang='lat' dir='ltr'><strong>zienteno</strong></span> <span class='ocrx_word' id='word_1_12' title='bbox 252 618 365 686; x_wconf 73' lang='lat' dir='ltr'><strong>melius</strong></span> <span class='ocrx_word' id='word_1_13' title='bbox 379 623 578 698; x_wconf 83' lang='lat' dir='ltr'><strong>restituitur3</strong></span> <span class='ocrx_word' id='word_1_14' title='bbox 609 625 657 690; x_wconf 58' lang='grc' dir='ltr'><strong>ὅθ</strong></span> <span class='ocrx_word' id='word_1_15' title='bbox 678 627 751 692; x_wconf 82' lang='lat' dir='ltr'><strong>uita</strong></span> <span class='ocrx_word' id='word_1_16' title='bbox 772 627 810 692; x_wconf 82' lang='lat' dir='ltr'><strong>S.</strong></span> <span class='ocrx_word' id='word_1_17' title='bbox 836 626 984 704; x_wconf 80' lang='lat' dir='ltr'><strong>Basilii,</strong></span> <span class='ocrx_word' id='word_1_18' title='bbox 1012 645 1109 714; x_wconf 75' lang='lat' dir='ltr'><strong>quam</strong></span> 
     </span>
     <span class='ocr_line' id='line_1_4' title="bbox 81 719 1108 820; baseline 0.011 -32"><span class='ocrx_word' id='word_1_19' title='bbox 81 736 213 812; x_wconf 87' lang='lat' dir='ltr'><strong>propter</strong></span> <span class='ocrx_word' id='word_1_20' title='bbox 228 725 363 791; x_wconf 86' lang='lat' dir='ltr'><strong>insertas</strong></span> <span class='ocrx_word' id='word_1_21' title='bbox 374 719 501 820; x_wconf 72' lang='lat' dir='ltr'><strong>salsulae</strong></span> <span class='ocrx_word' id='word_1_22' title='bbox 516 725 562 792; x_wconf 91' lang='lat' dir='ltr'><strong>illi</strong></span> <span class='ocrx_word' id='word_1_23' title='bbox 581 729 713 795; x_wconf 73' lang='lat' dir='ltr'><strong>minime</strong></span> <span class='ocrx_word' id='word_1_24' title='bbox 729 729 935 798; x_wconf 86' lang='lat' dir='ltr'><strong>tribuendam</strong></span> <span class='ocrx_word' id='word_1_25' title='bbox 955 732 1108 798; x_wconf 86' lang='lat' dir='ltr'><strong>eredide-</strong></span> 
     </span>
     <span class='ocr_line' id='line_1_5' title="bbox 84 829 1110 925; baseline 0.016 -33"><span class='ocrx_word' id='word_1_26' title='bbox 84 829 166 902; x_wconf 74' lang='lat' dir='ltr'><strong>rim3</strong></span> <span class='ocrx_word' id='word_1_27' title='bbox 194 832 246 906; x_wconf 64' lang='lat' dir='ltr'><strong>lat</strong></span> <span class='ocrx_word' id='word_1_28' title='bbox 265 831 403 918; x_wconf 82' lang='lat' dir='ltr'><strong>epistola</strong></span> <span class='ocrx_word' id='word_1_29' title='bbox 425 831 463 896; x_wconf 88' lang='lat' dir='ltr'><strong>ad</strong></span> <span class='ocrx_word' id='word_1_30' title='bbox 481 834 645 924; x_wconf 85' lang='lat' dir='ltr'><strong>episcopos</strong></span> <span class='ocrx_word' id='word_1_31' title='bbox 661 834 929 914; x_wconf 70' lang='lat' dir='ltr'><strong>macedonianos,</strong></span> <span class='ocrx_word' id='word_1_32' title='bbox 954 859 1025 925; x_wconf 75' lang='lat' dir='ltr'><strong>quse</strong></span> <span class='ocrx_word' id='word_1_33' title='bbox 1046 839 1110 908; x_wconf 76' lang='lat' dir='ltr'><strong>solt</strong></span> 
     </span>
     <span class='ocr_line' id='line_1_6' title="bbox 83 935 1106 1027; baseline 0.012 -27"><span class='ocrx_word' id='word_1_34' title='bbox 83 935 221 1024; x_wconf 81' lang='lat' dir='ltr'><strong>genuina</strong></span> <span class='ocrx_word' id='word_1_35' title='bbox 236 945 421 1022; x_wconf 86' lang='lat' dir='ltr'><strong>reputatur,</strong></span> <span class='ocrx_word' id='word_1_36' title='bbox 441 959 575 1026; x_wconf 82' lang='lat' dir='ltr'><strong>quaeque</strong></span> <span class='ocrx_word' id='word_1_37' title='bbox 597 939 631 1004; x_wconf 91' lang='lat' dir='ltr'><strong>in</strong></span> <span class='ocrx_word' id='word_1_38' title='bbox 649 938 813 1027; x_wconf 77' lang='lat' dir='ltr'><strong>publicum</strong></span> <span class='ocrx_word' id='word_1_39' title='bbox 830 941 943 1007; x_wconf 82' lang='lat' dir='ltr'><strong>emissa</strong></span> <span class='ocrx_word' id='word_1_40' title='bbox 962 950 1047 1014; x_wconf 74' lang='lat' dir='ltr'><strong>esti</strong></span> <span class='ocrx_word' id='word_1_41' title='bbox 1066 945 1106 1012; x_wconf 82' lang='lat' dir='ltr'><strong>D.</strong></span> 
     </span>
     <span class='ocr_line' id='line_1_7' title="bbox 88 1042 1114 1140; baseline 0.01 -32"><span class='ocrx_word' id='word_1_42' title='bbox 88 1043 261 1118; x_wconf 70' lang='lat' dir='ltr'><em>cotelerio.</em></span> <span class='ocrx_word' id='word_1_43' title='bbox 282 1042 388 1131; x_wconf 88' lang='lat' dir='ltr'><strong>Opera</strong></span> <span class='ocrx_word' id='word_1_44' title='bbox 412 1057 519 1112; x_wconf 85' lang='lat' dir='ltr'><strong>autem</strong></span> <span class='ocrx_word' id='word_1_45' title='bbox 539 1048 737 1136; x_wconf 88' lang='lat' dir='ltr'><strong>supposititia</strong></span> <span class='ocrx_word' id='word_1_46' title='bbox 753 1067 867 1114; x_wconf 81' lang='lat' dir='ltr'><strong>excusa</strong></span> <span class='ocrx_word' id='word_1_47' title='bbox 886 1051 1006 1119; x_wconf 75' lang='lat' dir='ltr'><strong>fueret</strong></span> <span class='ocrx_word' id='word_1_48' title='bbox 1023 1065 1114 1140; x_wconf 87' lang='lat' dir='ltr'><strong>patre</strong></span> 
     </span>
     <span class='ocr_line' id='line_1_8' title="bbox 87 1141 802 1234; baseline 0.006 -22"><span class='ocrx_word' id='word_1_49' title='bbox 87 1145 305 1234; x_wconf 77' lang='lat' dir='ltr'><strong>Combefieio,</strong></span> <span class='ocrx_word' id='word_1_50' title='bbox 322 1141 485 1229; x_wconf 81' lang='lat' dir='ltr'><strong>Parisiis,</strong></span> <span class='ocrx_word' id='word_1_51' title='bbox 515 1163 567 1214; x_wconf 75' lang='lat' dir='ltr'><strong>an;</strong></span> <span class='ocrx_word' id='word_1_52' title='bbox 592 1151 689 1230; x_wconf 72' lang='lat' dir='ltr'><strong>rtet,</strong></span> <span class='ocrx_word' id='word_1_53' title='bbox 701 1150 802 1216; x_wconf 70' lang='lat' dir='ltr'><strong>inlol.</strong></span> 
     </span>
    </p>

    <p class='ocr_par' dir='ltr' id='par_1_3' title="bbox 86 1239 1146 2086">
     <span class='ocr_line' id='line_1_9' title="bbox 129 1239 1116 1348; baseline 0.01 -28"><span class='ocrx_word' id='word_1_54' title='bbox 129 1255 220 1322; x_wconf 77' lang='lat' dir='ltr'><strong>Licet</strong></span> <span class='ocrx_word' id='word_1_55' title='bbox 236 1239 347 1320; x_wconf 78' lang='lat' dir='ltr'><strong>autem</strong></span> <span class='ocrx_word' id='word_1_56' title='bbox 359 1257 464 1320; x_wconf 86' lang='lat' dir='ltr'><strong>omnia</strong></span> <span class='ocrx_word' id='word_1_57' title='bbox 481 1279 577 1346; x_wconf 86' lang='lat' dir='ltr'><strong>opera</strong></span> <span class='ocrx_word' id='word_1_58' title='bbox 601 1260 715 1326; x_wconf 80' lang='lat' dir='ltr'><strong>amissa</strong></span> <span class='ocrx_word' id='word_1_59' title='bbox 731 1261 909 1348; x_wconf 84' lang='lat' dir='ltr'><strong>perierint,</strong></span> <span class='ocrx_word' id='word_1_60' title='bbox 927 1275 1052 1330; x_wconf 83' lang='lat' dir='ltr'><strong>certum</strong></span> <span class='ocrx_word' id='word_1_61' title='bbox 1068 1275 1116 1332; x_wconf 79' lang='lat' dir='ltr'><strong>est</strong></span> 
     </span>
     <span class='ocr_line' id='line_1_10' title="bbox 86 1354 1109 1451; baseline 0.011 -27"><span class='ocrx_word' id='word_1_62' title='bbox 86 1374 194 1426; x_wconf 83' lang='lat' dir='ltr'><strong>tamen</strong></span> <span class='ocrx_word' id='word_1_63' title='bbox 205 1359 296 1424; x_wconf 91' lang='lat' dir='ltr'><strong>illum</strong></span> <span class='ocrx_word' id='word_1_64' title='bbox 310 1383 373 1426; x_wconf 91' lang='lat' dir='ltr'><strong>nou</strong></span> <span class='ocrx_word' id='word_1_65' title='bbox 387 1354 556 1430; x_wconf 83' lang='lat' dir='ltr'><strong>mediceris</strong></span> <span class='ocrx_word' id='word_1_66' title='bbox 565 1363 683 1451; x_wconf 76' lang='lat' dir='ltr'><strong>ingenii</strong></span> <span class='ocrx_word' id='word_1_67' title='bbox 696 1364 834 1432; x_wconf 74' lang='lat' dir='ltr'><strong>extitisse</strong></span> <span class='ocrx_word' id='word_1_68' title='bbox 846 1366 965 1442; x_wconf 87' lang='lat' dir='ltr'><strong>virum,</strong></span> <span class='ocrx_word' id='word_1_69' title='bbox 978 1373 1053 1434; x_wconf 83' lang='lat' dir='ltr'><strong>eum</strong></span> <span class='ocrx_word' id='word_1_70' title='bbox 1066 1370 1109 1434; x_wconf 75' lang='lat' dir='ltr'><strong>ita</strong></span> 
     </span>
     <span class='ocr_line' id='line_1_11' title="bbox 89 1463 1115 1557; baseline 0.012 -27"><span class='ocrx_word' id='word_1_71' title='bbox 89 1465 130 1530; x_wconf 88' lang='lat' dir='ltr'><strong>de</strong></span> <span class='ocrx_word' id='word_1_72' title='bbox 144 1463 200 1530; x_wconf 89' lang='lat' dir='ltr'><strong>illo</strong></span> <span class='ocrx_word' id='word_1_73' title='bbox 215 1464 366 1556; x_wconf 88' lang='lat' dir='ltr'><strong>loquatur</strong></span> <span class='ocrx_word' id='word_1_74' title='bbox 385 1465 421 1530; x_wconf 86' lang='lat' dir='ltr'><strong>B.</strong></span> <span class='ocrx_word' id='word_1_75' title='bbox 443 1467 679 1556; x_wconf 82' lang='lat' dir='ltr'><strong>Hieronymus,</strong></span> <span class='ocrx_word' id='word_1_76' title='bbox 697 1470 820 1557; x_wconf 76' lang='lat' dir='ltr'><strong>maguis</strong></span> <span class='ocrx_word' id='word_1_77' title='bbox 850 1469 941 1538; x_wconf 90' lang='lat' dir='ltr'><strong>illum</strong></span> <span class='ocrx_word' id='word_1_78' title='bbox 966 1473 1115 1542; x_wconf 67' lang='lat' dir='ltr'><strong>Ecclesia</strong></span> 
     </span>
     <span class='ocr_line' id='line_1_12' title="bbox 89 1571 1114 1658; baseline 0.01 -22"><span class='ocrx_word' id='word_1_79' title='bbox 89 1571 267 1640; x_wconf 87' lang='lat' dir='ltr'><strong>luminibus</strong></span> <span class='ocrx_word' id='word_1_80' title='bbox 285 1572 471 1637; x_wconf 83' lang='lat' dir='ltr'><strong>consocians</strong></span> <span class='ocrx_word' id='word_1_81' title='bbox 485 1595 493 1638; x_wconf 92' lang='lat'>:</span> <span class='ocrx_word' id='word_1_82' title='bbox 506 1599 519 1633; x_wconf 82' lang='grc' dir='ltr'>ι</span> <span class='ocrx_word' id='word_1_83' title='bbox 532 1575 665 1642; x_wconf 78' lang='lat' dir='ltr'><strong>Exstant</strong></span> <span class='ocrx_word' id='word_1_84' title='bbox 681 1587 714 1640; x_wconf 88' lang='lat' dir='ltr'><strong>et</strong></span> <span class='ocrx_word' id='word_1_85' title='bbox 725 1574 803 1642; x_wconf 84' lang='lat' dir='ltr'><strong>Julii</strong></span> <span class='ocrx_word' id='word_1_86' title='bbox 820 1576 960 1644; x_wconf 79' lang='lat' dir='ltr'><strong>Africani</strong></span> <span class='ocrx_word' id='word_1_87' title='bbox 973 1577 1045 1648; x_wconf 85' lang='lat' dir='ltr'><strong>liltri</strong></span> <span class='ocrx_word' id='word_1_88' title='bbox 1049 1622 1114 1658; x_wconf 83' lang='grc'><strong>.....</strong></span> 
     </span>
     <span class='ocr_line' id='line_1_13' title="bbox 89 1675 1117 1775; baseline 0.014 -37"><span class='ocrx_word' id='word_1_89' title='bbox 89 1705 101 1738; x_wconf 78' lang='lat' dir='ltr'><strong>s</strong></span> <span class='ocrx_word' id='word_1_90' title='bbox 133 1675 428 1766; x_wconf 82' lang='lat' dir='ltr'><strong>Cappadocumque</strong></span> <span class='ocrx_word' id='word_1_91' title='bbox 445 1677 577 1755; x_wconf 78' lang='lat' dir='ltr'><strong>Basilii,</strong></span> <span class='ocrx_word' id='word_1_92' title='bbox 602 1679 767 1768; x_wconf 76' lang='lat' dir='ltr'><strong>Gregorii,</strong></span> <span class='ocrx_word' id='word_1_93' title='bbox 796 1680 1039 1769; x_wconf 82' lang='lat' dir='ltr'><strong>Amphilochii,</strong></span> <span class='ocrx_word' id='word_1_94' title='bbox 1063 1688 1117 1775; x_wconf 89' lang='lat' dir='ltr'><strong>qui</strong></span> 
     </span>
     <span class='ocr_line' id='line_1_14' title="bbox 91 1775 1146 1878; baseline 0.011 -31"><span class='ocrx_word' id='word_1_95' title='bbox 91 1813 104 1847; x_wconf 74' lang='lat' dir='ltr'><strong>s</strong></span> <span class='ocrx_word' id='word_1_96' title='bbox 134 1807 249 1849; x_wconf 87' lang='lat' dir='ltr'><strong>omnes</strong></span> <span class='ocrx_word' id='word_1_97' title='bbox 267 1784 300 1848; x_wconf 91' lang='lat' dir='ltr'><strong>in</strong></span> <span class='ocrx_word' id='word_1_98' title='bbox 323 1790 447 1849; x_wconf 82' lang='lat' dir='ltr'><strong>tantum</strong></span> <span class='ocrx_word' id='word_1_99' title='bbox 468 1785 737 1876; x_wconf 87' lang='lat' dir='ltr'><strong>philosophorum</strong></span> <span class='ocrx_word' id='word_1_100' title='bbox 760 1787 914 1856; x_wconf 81' lang='lat' dir='ltr'><strong>doctrinis</strong></span> <span class='ocrx_word' id='word_1_101' title='bbox 937 1803 1032 1878; x_wconf 88' lang='lat' dir='ltr'><strong>atque</strong></span> <span class='ocrx_word' id='word_1_102' title='bbox 1048 1817 1118 1858; x_wconf 84' lang='lat' dir='ltr'><strong>sen·</strong></span> <span class='ocrx_word' id='word_1_103' title='bbox 1144 1775 1146 1780; x_wconf 23' lang='grc' dir='ltr'>Ι</span> 
     </span>
     <span class='ocr_line' id='line_1_15' title="bbox 90 1891 1120 1984; baseline 0.011 -30"><span class='ocrx_word' id='word_1_104' title='bbox 90 1924 102 1954; x_wconf 79' lang='lat' dir='ltr'><strong>t</strong></span> <span class='ocrx_word' id='word_1_105' title='bbox 132 1891 243 1960; x_wconf 88' lang='lat' dir='ltr'><strong>tentiis</strong></span> <span class='ocrx_word' id='word_1_106' title='bbox 260 1915 334 1958; x_wconf 89' lang='lat' dir='ltr'><strong>suos</strong></span> <span class='ocrx_word' id='word_1_107' title='bbox 355 1893 534 1960; x_wconf 86' lang='lat' dir='ltr'><strong>resarciunt</strong></span> <span class='ocrx_word' id='word_1_108' title='bbox 552 1895 678 1970; x_wconf 88' lang='lat' dir='ltr'><strong>libros,</strong></span> <span class='ocrx_word' id='word_1_109' title='bbox 709 1907 744 1960; x_wconf 80' lang='lat' dir='ltr'><strong>ut</strong></span> <span class='ocrx_word' id='word_1_110' title='bbox 760 1897 884 1962; x_wconf 86' lang='lat' dir='ltr'><strong>nescias</strong></span> <span class='ocrx_word' id='word_1_111' title='bbox 910 1897 987 1984; x_wconf 86' lang='lat' dir='ltr'><strong>qnid</strong></span> <span class='ocrx_word' id='word_1_112' title='bbox 1010 1898 1120 1965; x_wconf 89' lang='lat' dir='ltr'><strong>inillis</strong></span> 
     </span>
     <span class='ocr_line' id='line_1_16' title="bbox 93 1995 1121 2086; baseline 0.009 -27"><span class='ocrx_word' id='word_1_113' title='bbox 93 2027 105 2059; x_wconf 72' lang='lat' dir='ltr'><strong>s</strong></span> <span class='ocrx_word' id='word_1_114' title='bbox 133 1997 277 2086; x_wconf 85' lang='lat' dir='ltr'><strong>primum</strong></span> <span class='ocrx_word' id='word_1_115' title='bbox 289 1995 440 2072; x_wconf 85' lang='lat' dir='ltr'><strong>admirari</strong></span> <span class='ocrx_word' id='word_1_116' title='bbox 453 1997 582 2074; x_wconf 85' lang='lat' dir='ltr'><strong>debeas,</strong></span> <span class='ocrx_word' id='word_1_117' title='bbox 596 1997 807 2066; x_wconf 86' lang='lat' dir='ltr'><strong>eruditionem</strong></span> <span class='ocrx_word' id='word_1_118' title='bbox 824 1999 945 2076; x_wconf 87' lang='lat' dir='ltr'><strong>Seculi,</strong></span> <span class='ocrx_word' id='word_1_119' title='bbox 964 2025 1004 2066; x_wconf 85' lang='lat' dir='ltr'><strong>an</strong></span> <span class='ocrx_word' id='word_1_120' title='bbox 1020 2002 1121 2068; x_wconf 83' lang='lat' dir='ltr'><strong>scien·</strong></span> 
     </span>
    </p>
   </div>
   <div class='ocr_carea' id='block_1_2' title="bbox 94 2101 948 2376">
    <p class='ocr_par' dir='ltr' id='par_1_4' title="bbox 94 2101 948 2376">
     <span class='ocr_line' id='line_1_17' title="bbox 94 2101 948 2196; baseline 0.007 -34"><span class='ocrx_word' id='word_1_121' title='bbox 94 2132 106 2162; x_wconf 85' lang='lat' dir='ltr'><strong>tt</strong></span> <span class='ocrx_word' id='word_1_122' title='bbox 136 2103 215 2168; x_wconf 87' lang='lat' dir='ltr'><strong>tiam</strong></span> <span class='ocrx_word' id='word_1_123' title='bbox 232 2101 516 2188; x_wconf 70' lang='lat' dir='ltr'><strong>seripturarum.»</strong></span> <span class='ocrx_word' id='word_1_124' title='bbox 539 2104 665 2192; x_wconf 80' lang='lat' dir='ltr'><strong>(Epist.</strong></span> <span class='ocrx_word' id='word_1_125' title='bbox 687 2101 740 2169; x_wconf 74' lang='lat'><strong>85.</strong></span> <span class='ocrx_word' id='word_1_126' title='bbox 756 2103 948 2196; x_wconf 79' lang='lat' dir='ltr'><strong>odMagn.)</strong></span> 
     </span>
     <span class='ocr_line' id='line_1_18' title="bbox 370 2257 680 2376; baseline -0.006 -22"><span class='ocrx_word' id='word_1_127' title='bbox 370 2257 372 2262; x_wconf 75' lang='grc'>’</span> <span class='ocrx_word' id='word_1_128' title='bbox 539 2285 680 2376; x_wconf 71' lang='lat' dir='ltr'><strong>gxrx.</strong></span> 
     </span>
    </p>
   </div>
   <div class='ocr_carea' id='block_1_3' title="bbox 327 2491 887 2581">
    <p class='ocr_par' dir='ltr' id='par_1_5' title="bbox 327 2491 887 2581">
     <span class='ocr_line' id='line_1_19' title="bbox 327 2491 887 2581; baseline 0.002 -23"><span class='ocrx_word' id='word_1_129' title='bbox 327 2491 472 2559; x_wconf 80' lang='lat' dir='ltr'><strong>Sanetus</strong></span> <span class='ocrx_word' id='word_1_130' title='bbox 492 2491 710 2568; x_wconf 80' lang='lat' dir='ltr'><strong>Ambrosius,</strong></span> <span class='ocrx_word' id='word_1_131' title='bbox 728 2517 784 2557; x_wconf 80' lang='lat' dir='ltr'><strong>ao.</strong></span> <span class='ocrx_word' id='word_1_132' title='bbox 813 2491 887 2581; x_wconf 76' lang='lat'><strong>597.</strong></span> 
     </span>
    </p>
   </div>
   <div class='ocr_carea' id='block_1_4' title="bbox 530 2709 768 2780">
    <p class='ocr_par' dir='ltr' id='par_1_6' title="bbox 530 2709 768 2780">
     <span class='ocr_line' id='line_1_20' title="bbox 530 2709 768 2780; baseline -0.017 -2"><span class='ocrx_word' id='word_1_133' title='bbox 530 2709 685 2780; x_wconf 80' lang='lat' dir='ltr'><strong>naurnus.&#39;</strong></span> <span class='ocrx_word' id='word_1_134' title='bbox 766 2759 768 2766; x_wconf 54' lang='grc'><strong><em>,</em></strong></span> 
     </span>
    </p>
   </div>
   <div class='ocr_carea' id='block_1_5' title="bbox 92 2903 1198 3974">
    <p class='ocr_par' dir='ltr' id='par_1_7' title="bbox 92 2903 1198 3759">
     <span class='ocr_line' id='line_1_21' title="bbox 133 2903 1125 3002; baseline -0.009 -9"><span class='ocrx_word' id='word_1_135' title='bbox 133 2929 282 2994; x_wconf 73' lang='lat' dir='ltr'><strong>Sanctus</strong></span> <span class='ocrx_word' id='word_1_136' title='bbox 296 2925 328 2988; x_wconf 85' lang='lat' dir='ltr'><em>A</em></span> <span class='ocrx_word' id='word_1_137' title='bbox 334 2921 515 2996; x_wconf 73' lang='lat' dir='ltr'><strong>miroslao,</strong></span> <span class='ocrx_word' id='word_1_138' title='bbox 533 2903 695 2986; x_wconf 81' lang='lat' dir='ltr'><strong>Ambrosii</strong></span> <span class='ocrx_word' id='word_1_139' title='bbox 708 2914 850 3002; x_wconf 78' lang='lat' dir='ltr'><strong>Praetorii</strong></span> <span class='ocrx_word' id='word_1_140' title='bbox 865 2921 897 2986; x_wconf 79' lang='lat' dir='ltr'><strong>iu</strong></span> <span class='ocrx_word' id='word_1_141' title='bbox 911 2917 1021 2986; x_wconf 86' lang='lat' dir='ltr'><strong>Galliis</strong></span> <span class='ocrx_word' id='word_1_142' title='bbox 1039 2915 1125 2986; x_wconf 69' lang='lat' dir='ltr'><strong>Pro·</strong></span> 
     </span>
     <span class='ocr_line' id='line_1_22' title="bbox 93 3023 1122 3106; baseline -0.011 -7"><span class='ocrx_word' id='word_1_143' title='bbox 93 3023 1122 3106; x_wconf 73' lang='lat' dir='ltr'><strong>sectililius‚TreviriscircaannumZtlonatus,Bomaedesunctu</strong></span> 
     </span>
     <span class='ocr_line' id='line_1_23' title="bbox 92 3121 1121 3232; baseline -0.013 -24"><span class='ocrx_word' id='word_1_144' title='bbox 92 3155 183 3232; x_wconf 86' lang='lat' dir='ltr'><strong>patre</strong></span> <span class='ocrx_word' id='word_1_145' title='bbox 200 3141 243 3206; x_wconf 79' lang='lat' dir='ltr'><strong>ita</strong></span> <span class='ocrx_word' id='word_1_146' title='bbox 261 3121 443 3204; x_wconf 87' lang='lat' dir='ltr'><strong>liberalium</strong></span> <span class='ocrx_word' id='word_1_147' title='bbox 461 3131 700 3224; x_wconf 77' lang='lat' dir='ltr'><strong>disciplinarum</strong></span> <span class='ocrx_word' id='word_1_148' title='bbox 724 3135 829 3199; x_wconf 89' lang='lat' dir='ltr'><strong>studio</strong></span> <span class='ocrx_word' id='word_1_149' title='bbox 846 3135 1035 3200; x_wconf 74' lang='lat' dir='ltr'><strong>informatus</strong></span> <span class='ocrx_word' id='word_1_150' title='bbox 1055 3143 1121 3206; x_wconf 80' lang='lat' dir='ltr'><strong>est,</strong></span> 
     </span>
     <span class='ocr_line' id='line_1_24' title="bbox 92 3234 1198 3338; baseline -0.014 -24"><span class='ocrx_word' id='word_1_151' title='bbox 92 3261 126 3314; x_wconf 84' lang='lat' dir='ltr'><strong>ut</strong></span> <span class='ocrx_word' id='word_1_152' title='bbox 144 3260 281 3338; x_wconf 87' lang='lat' dir='ltr'><strong>propter</strong></span> <span class='ocrx_word' id='word_1_153' title='bbox 299 3241 515 3332; x_wconf 76' lang='lat' dir='ltr'><strong>eloquentiam</strong></span> <span class='ocrx_word' id='word_1_154' title='bbox 534 3251 727 3328; x_wconf 70' lang='lat' dir='ltr'><strong>caeteresque</strong></span> <span class='ocrx_word' id='word_1_155' title='bbox 746 3239 845 3306; x_wconf 88' lang='lat' dir='ltr'><strong>animi</strong></span> <span class='ocrx_word' id='word_1_156' title='bbox 867 3239 956 3320; x_wconf 83' lang='lat' dir='ltr'><strong>dotes</strong></span> <span class='ocrx_word' id='word_1_157' title='bbox 978 3246 996 3304; x_wconf 77' lang='lat' dir='ltr'><strong>a</strong></span> <span class='ocrx_word' id='word_1_158' title='bbox 1017 3234 1122 3304; x_wconf 89' lang='lat' dir='ltr'><strong>Probo</strong></span> <span class='ocrx_word' id='word_1_159' title='bbox 1192 3265 1198 3284; x_wconf 57' lang='grc' dir='ltr'><em>ο</em></span> 
     </span>
     <span class='ocr_line' id='line_1_25' title="bbox 94 3345 1123 3436; baseline -0.011 -14"><span class='ocrx_word' id='word_1_160' title='bbox 94 3355 239 3422; x_wconf 66' lang='lat' dir='ltr'><strong>Praetorii</strong></span> <span class='ocrx_word' id='word_1_161' title='bbox 260 3355 292 3418; x_wconf 92' lang='lat' dir='ltr'><strong>in</strong></span> <span class='ocrx_word' id='word_1_162' title='bbox 306 3349 395 3417; x_wconf 78' lang='lat' dir='ltr'><strong>ltaliei</strong></span> <span class='ocrx_word' id='word_1_163' title='bbox 414 3347 567 3416; x_wconf 75' lang='lat' dir='ltr'><strong>Praefecto</strong></span> <span class='ocrx_word' id='word_1_164' title='bbox 588 3347 670 3413; x_wconf 84' lang='lat' dir='ltr'><strong>inter</strong></span> <span class='ocrx_word' id='word_1_165' title='bbox 689 3345 885 3414; x_wconf 87' lang='lat' dir='ltr'><strong>consiliarios</strong></span> <span class='ocrx_word' id='word_1_166' title='bbox 905 3348 1046 3436; x_wconf 77' lang='lat' dir='ltr'><strong>primum</strong></span> <span class='ocrx_word' id='word_1_167' title='bbox 1066 3369 1123 3412; x_wconf 81' lang='lat' dir='ltr'><strong>ac-</strong></span> 
     </span>
     <span class='ocr_line' id='line_1_26' title="bbox 92 3447 1121 3542; baseline -0.014 -14"><span class='ocrx_word' id='word_1_168' title='bbox 92 3471 301 3532; x_wconf 86' lang='lat' dir='ltr'><strong>censeretur,</strong></span> <span class='ocrx_word' id='word_1_169' title='bbox 320 3455 519 3542; x_wconf 84' lang='lat' dir='ltr'><strong>AEmiliaeque</strong></span> <span class='ocrx_word' id='word_1_170' title='bbox 534 3453 642 3542; x_wconf 77' lang='lat' dir='ltr'><strong>postea</strong></span> <span class='ocrx_word' id='word_1_171' title='bbox 665 3465 697 3520; x_wconf 89' lang='lat' dir='ltr'><strong>et</strong></span> <span class='ocrx_word' id='word_1_172' title='bbox 718 3447 853 3542; x_wconf 69' lang='lat' dir='ltr'><strong>Liguriae</strong></span> <span class='ocrx_word' id='word_1_173' title='bbox 872 3453 1058 3542; x_wconf 83' lang='lat' dir='ltr'><strong>praepoeitus</strong></span> <span class='ocrx_word' id='word_1_174' title='bbox 1081 3449 1121 3514; x_wconf 88' lang='lat' dir='ltr'><strong>ab</strong></span> 
     </span>
     <span class='ocr_line' id='line_1_27' title="bbox 92 3553 1123 3650; baseline -0.014 -18"><span class='ocrx_word' id='word_1_175' title='bbox 92 3566 209 3632; x_wconf 86' lang='lat' dir='ltr'><strong>eodem</strong></span> <span class='ocrx_word' id='word_1_176' title='bbox 222 3561 405 3629; x_wconf 84' lang='lat' dir='ltr'><strong>mitteretur</strong></span> <span class='ocrx_word' id='word_1_177' title='bbox 416 3557 542 3625; x_wconf 87' lang='lat' dir='ltr'><strong>dicente</strong></span> <span class='ocrx_word' id='word_1_178' title='bbox 559 3580 568 3622; x_wconf 78' lang='grc' dir='ltr'><strong><em>ε</em></strong></span> <span class='ocrx_word' id='word_1_179' title='bbox 589 3553 702 3632; x_wconf 80' lang='lat' dir='ltr'><strong>Vade,</strong></span> <span class='ocrx_word' id='word_1_180' title='bbox 720 3577 781 3648; x_wconf 79' lang='lat' dir='ltr'><strong>age</strong></span> <span class='ocrx_word' id='word_1_181' title='bbox 795 3580 865 3621; x_wconf 79' lang='lat' dir='ltr'><strong>non</strong></span> <span class='ocrx_word' id='word_1_182' title='bbox 882 3555 1055 3640; x_wconf 78' lang='lat' dir='ltr'><strong>utjudeae,&#39;</strong></span> <span class='ocrx_word' id='word_1_183' title='bbox 1066 3553 1123 3650; x_wconf 77' lang='lat' dir='ltr'><strong>sed</strong></span> 
     </span>
     <span class='ocr_line' id='line_1_28' title="bbox 93 3650 1069 3759; baseline -0.018 -23"><span class='ocrx_word' id='word_1_184' title='bbox 93 3668 320 3759; x_wconf 81' lang='lat' dir='ltr'><strong>utepiseopus.</strong></span> <span class='ocrx_word' id='word_1_185' title='bbox 351 3663 467 3754; x_wconf 84' lang='lat' dir='ltr'><strong>(Paul.</strong></span> <span class='ocrx_word' id='word_1_186' title='bbox 490 3659 551 3729; x_wconf 86' lang='lat' dir='ltr'><strong>uit.</strong></span> <span class='ocrx_word' id='word_1_187' title='bbox 572 3659 746 3748; x_wconf 76' lang='lat' dir='ltr'><strong>Amba-os.)</strong></span> <span class='ocrx_word' id='word_1_188' title='bbox 1063 3650 1069 3668; x_wconf 55' lang='lat'><strong>⁸</strong></span> 
     </span>
    </p>

    <p class='ocr_par' dir='ltr' id='par_1_8' title="bbox 95 3758 1123 3974">
     <span class='ocr_line' id='line_1_29' title="bbox 137 3758 1123 3843; baseline -0.014 -1"><span class='ocrx_word' id='word_1_189' title='bbox 137 3775 221 3842; x_wconf 78' lang='lat' dir='ltr'><strong>Cium</strong></span> <span class='ocrx_word' id='word_1_190' title='bbox 240 3786 350 3840; x_wconf 87' lang='lat' dir='ltr'><strong>autem</strong></span> <span class='ocrx_word' id='word_1_191' title='bbox 372 3770 524 3836; x_wconf 86' lang='lat' dir='ltr'><strong>defuncto</strong></span> <span class='ocrx_word' id='word_1_192' title='bbox 548 3767 706 3835; x_wconf 83' lang='lat' dir='ltr'><strong>Auxentio</strong></span> <span class='ocrx_word' id='word_1_193' title='bbox 725 3758 869 3843; x_wconf 80' lang='lat' dir='ltr'><strong>Ariane,</strong></span> <span class='ocrx_word' id='word_1_194' title='bbox 894 3763 1123 3831; x_wconf 87' lang='lat' dir='ltr'><strong>Mediolanensi</strong></span> 
     </span>
     <span class='ocr_line' id='line_1_30' title="bbox 95 3866 1122 3974; baseline -0.014 -23"><span class='ocrx_word' id='word_1_195' title='bbox 95 3885 267 3974; x_wconf 86' lang='lat' dir='ltr'><strong>episcopo,</strong></span> <span class='ocrx_word' id='word_1_196' title='bbox 295 3877 432 3972; x_wconf 90' lang='lat' dir='ltr'><strong>populus</strong></span> <span class='ocrx_word' id='word_1_197' title='bbox 449 3899 569 3944; x_wconf 86' lang='lat' dir='ltr'><strong>novum</strong></span> <span class='ocrx_word' id='word_1_198' title='bbox 590 3873 750 3943; x_wconf 85' lang='lat' dir='ltr'><strong>electurus</strong></span> <span class='ocrx_word' id='word_1_199' title='bbox 768 3866 1017 3964; x_wconf 74' lang='lat' dir='ltr'><strong>pontificemfed</strong></span> <span class='ocrx_word' id='word_1_200' title='bbox 1037 3873 1122 3963; x_wconf 88' lang='lat' dir='ltr'><strong>sedi-</strong></span> 
     </span>
    </p>
   </div>
   <div class='ocr_carea' id='block_1_6' title="bbox 0 0 1508 4570">
    <p class='ocr_par' dir='ltr' id='par_1_9' title="bbox 0 0 1508 4570">
     <span class='ocr_line' id='line_1_31' title="bbox 0 0 1508 4570; baseline 0 0"><span class='ocrx_word' id='word_1_201' title='bbox 0 0 1508 4570; x_wconf 95' lang='lat' dir='ltr'><strong> </strong></span> 
     </span>
    </p>
   </div>
  </div>
 </body>
</html>
