3002 4572
692 353 705 370 ‘
809 337 945 425 (aas)
1180 361 1184 393 >

367 477 405 546 ln
428 471 565 548 imaum
588 477 771 548 Sardiniam
796 501 872 545 eum
896 480 1032 553 caeterisw
1046 479 1197 548 omnihus
1225 481 1391 551 Catholicis

370 584 488 654 africe
503 585 668 677 Episcopis
683 586 863 676 relegatus,
880 586 988 675 junior
999 586 1076 656 lieet
1086 639 1095 665 ,
1106 581 1196 656 ducis
1207 600 1317 658 tamen
1331 592 1392 658 ins-

368 704 420 762 tar
444 693 647 770 habebaturt
676 696 736 786 ipsi
758 686 890 764 canulis
919 713 1101 786 proponere
1113 721 1123 774 ς
1152 698 1212 788 ipsi
1234 702 1410 790 proposita-

367 795 584 880 eonfirmaret
598 805 663 896 ipsi
677 801 867 873 confirmata
888 805 1030 872 scrihere
1051 805 1173 872 datum.
1195 807 1302 895 Quam
1320 813 1389 877 char

361 909 447 978 uma
461 911 672 1001 conspicuum
689 911 798 980 videro
816 911 971 978 etaudire
983 924 1109 1002 optaret
1120 913 1387 992 Thrasimundas,

363 1015 592 1106 Carthaginem
603 1017 809 1094 accersitum,
820 1016 991 1107 propositis
1006 1016 1152 1106 pluribus
1160 1019 1317 1088 intricatio
1331 1017 1388 1086 dil-

350 1123 578 1211 iienltatibus,
591 1127 725 1192 tentavit
731 1150 741 1200 ς
757 1147 839 1214 quas
851 1125 894 1190 ita
910 1174 919 1201 ,
937 1123 1138 1191 auscultante
1153 1147 1231 1216 rege
1245 1124 1390 1205 ,salvare

359 1229 494 1299 invainit
504 1279 513 1305 ,
522 1241 558 1294 ut
571 1236 588 1294 a
603 1227 754 1295 laudibus
766 1230 834 1319 ipso
846 1241 1028 1318 temperare
1042 1251 1108 1298 non
1125 1244 1249 1320 posset,
1264 1232 1391 1298 veritus-

359 1358 423 1424 que
439 1333 575 1406 Arianos
591 1333 789 1422 Episcopus,
803 1355 844 1398 ne
857 1355 972 1400 omnes
987 1333 1117 1402 abirent
1130 1335 1257 1414 Ariani,
1270 1337 1390 1426 eiusab

356 1443 441 1510 urbo
456 1442 685 1510 discessionem
696 1441 896 1530 efflagitaret.
994 1442 998 1448 “

402 1549 477 1616 Post
501 1549 692 1616 defunctum
716 1571 802 1614 anno
819 1550 882 1615 522
907 1543 1199 1630 Thrasimundum,
1220 1564 1390 1620 revocante

355 1653 616 1732 llilderieolilio,
633 1648 848 1720 samosatenis
866 1647 1041 1720 Catholicis
1060 1655 1226 1746 Episcopis
1242 1657 1278 1754 in
1302 1679 1391 1724 snam

356 1759 459 1826 redux
474 1757 650 1826 Ecclesiam
666 1756 875 1847 Fulgentius,
895 1757 1097 1826 moderando
1112 1761 1207 1828 Clero
1228 1763 1393 1854 regendis-

141 1851 145 1858 *
255 1905 256 1909 ¹
356 1887 421 1957 quo
442 1865 591 1958 populis,
612 1866 770 1932 virtutum
785 1865 853 1954 ipso
868 1865 1015 1932 omnium
1037 1862 1292 1964 humilitatisque
1310 1895 1393 1962 Ρη.

353 1972 468 2040 sertim
484 1969 648 2060 exemplar
663 1976 764 2060 usque
782 1970 823 2034 ad
837 1963 976 2037 mortem
996 1972 1164 2062 incubuit,
1182 1999 1253 2064 quae
1275 1977 1392 2044 accidit
1496 2053 1497 2058 γ

355 2077 471 2142 altimo
487 2077 540 2142 die
553 2076 630 2142 anni
643 2077 720 2142 555.
741 2072 832 2142 Unda
847 2075 1013 2168 vitam-per
1029 2080 1072 2146 ot
1089 2080 1241 2158 circiter,
1259 2083 1392 2172 Episco-

355 2193 469 2274 patnm
484 2186 561 2247 vero
578 2203 636 2270 per
655 2183 695 2249 25
712 2203 815 2247 annos
830 2183 946 2272 exegit.

396 2286 518 2362 Omnia
530 2287 601 2378 ejus
613 2309 710 2378 opera
727 2289 812 2356 eirca
847 2301 1006 2367 rassantes
1019 2291 1083 2358 hoe
1096 2293 1250 2382 temporis
1265 2315 1392 2359 errores
1496 2349 1497 2356 ,

263 2399 265 2402 ’
352 2408 543 2475 Δι’«ετεαιιῑυν,
568 2419 706 2486 quorum
727 2397 824 2487 praeci
841 2421 889 2481 Vua
913 2411 989 2466 sunt
1010 2422 1018 2465 :
1040 2413 1084 2464 r.⁰
1099 2397 1207 2489 plnres
1227 2399 1269 2466 ad
1291 2401 1393 2467 stabi-

353 2501 459 2572 lienda
476 2505 624 2594 dogmata
637 2519 812 2598 tractatus,
824 2505 933 2594 quales
949 2506 1022 2573 libri
1037 2507 1080 2573 ad
1090 2507 1394 2585 Thrasimundum,
1496 2521 1497 2542 ¹

353 2613 401 2678 acl
421 2611 633 2688 Mandatum,
656 2613 703 2680 cal
722 2613 896 2679 Donatum
916 2613 956 2676 dc
974 2611 1066 2699 fida,
1093 2612 1139 2681 ad
1155 2611 1335 2704 Victorem
1355 2614 1397 2681 do

351 2717 538 2786 &ciuitate
550 2717 673 2796 Verbi,
688 2721 735 2788 ud
751 2719 889 2785 Petrum
902 2721 1020 2784 rursus
1034 2717 1074 2784 dc
1089 2717 1232 2807 fidu-ud
1245 2720 1398 2786 Felicem
1496 2719 1497 2724 ’

307 2882 309 2886 .
353 2825 396 2894 dc
411 2827 736 2904 Trinitotcsccntrc
755 2827 913 2902 Pictam,
931 2839 1048 2890 contro
1063 2825 1259 2892 Fabianum
1275 2827 1315 2891 dc
1332 2826 1399 2892 Rc-

351 2935 511 3002 minima
527 2950 760 3024 peccatorum,
786 2935 826 3000 da
844 2933 1147 2999 Praedcatincticne
1166 2945 1196 2996 ct
1216 2931 1256 2997 de
1272 2933 1398 2998 Gratia

351 3042 442 3132 juxta
470 3041 504 3110 S.
529 3041 701 3134 Augustini
719 3039 923 3119 doctrinam,
944 3041 1039 3132 cujus
1054 3039 1186 3130 quidem
1203 3040 1397 3128 posterioris
1496 3103 1497 3110 ,

350 3153 508 3218 tractum
519 3149 663 3216 detracta
681 3147 828 3237 quaedam
843 3147 1026 3214 testimonia
1045 3147 1078 3212 in
1092 3169 1241 3212 errorum
1256 3169 1397 3212 suorum
1496 3183 1497 3186 κ

350 3255 633 3324 confirmationem
648 3251 733 3320 malt
748 3253 991 3342 interpretando
1011 3263 1136 3325 vertere
1151 3251 1269 3318 lrustra
1285 3261 1400 3318 tenta·
1496 3251 1497 3318 3

352 3376 471 3432 verunt
498 3357 642 3430 dansenii
672 3359 855 3428 subtiliores
883 3358 1032 3450 discipuli
1045 3383 1054 3434 ;
1081 3370 1128 3424 a.⁰
1153 3357 1261 3448 plnres
1293 3359 1402 3424 etiam

352 3469 533 3562 Epistulae,
546 3489 616 3558 que
632 3465 789 3534 librorum
805 3467 906 3532 instar
921 3465 1033 3532 haberi
1050 3477 1206 3558 possunt,
1220 3465 1253 3530 in
1273 3464 1402 3552 quihus

352 3579 394 3646 tle
416 3573 594 3646 moralibus
615 3573 793 3665 praesertim
822 3573 967 3648 disserit;
996 3572 1043 3638 ὅθ
1065 3571 1287 3663 responsiones
1310 3593 1405 3658 non-

352 3683 448 3752 nullae
463 3683 514 3752 uel
529 3683 571 3750 ad
593 3681 787 3752 atrianorum
809 3679 1029 3771 objectiones,
1057 3677 1106 3746 rel
1131 3677 1172 3744 ad
1200 3677 1404 3768 qnaestiones

354 3789 616 3867 Catholicorum3
637 3793 686 3870 l·⁰
698 3787 837 3876 denique
853 3787 967 3856 decern
982 3783 1207 3852 tantummodo
1226 3804 1404 3852 sermones
1460 3801 1464 3806 ·

354 3919 415 3966 aec
427 3895 599 3989 Fulgentio
612 3897 719 3988 digni,
730 3915 912 3964 neeomnes
923 3894 1020 3963 etiam
1033 3891 1196 3962 tribuendi
1205 3889 1402 3982 Fulgentio.
1496 3979 1497 4000 Χ
