2942 4568
745 327 749 342 ’
801 305 939 460 tus)

827 569 929 662 gu.

485 833 487 840 .
605 781 768 872 Repertus
782 739 914 858 sibber,
939 803 1028 846 anno
1046 781 1140 848 1155.

794 987 960 1038 turinnes
1063 1044 1070 1056 ,

404 1161 588 1249 Repertus,
599 1159 641 1224 in
658 1159 901 1258 monasterioS.
922 1155 1301 1230 LaurentiiLeodiensis·
1313 1165 1437 1231 vitatu

361 1265 569 1336 monasticam
582 1245 688 1351 junior
701 1263 808 1329 adhuc
819 1264 912 1330 vovit.
925 1263 1331 1364 ABerengurioejusdem
1339 1291 1437 1334 mo-

359 1359 488 1432 nosterii
516 1365 640 1433 Ahbete
672 1367 798 1433 Cunoni
826 1367 1046 1459 Sieghergensi
1073 1362 1193 1436 Abbati
1221 1383 1261 1434 et
1290 1381 1406 1460 postet

361 1471 586 1538 Ratisbonensi
612 1473 771 1562 Episcopo
799 1473 1041 1539 commendatus
1064 1485 1134 1551 est,
1159 1475 1213 1540 eui
1239 1475 1437 1567 pleraque

270 1593 271 1599 ¹
361 1573 523 1641 dedicavit
540 1597 646 1664 opera.
666 1567 937 1664 Duitensisprope
952 1572 1112 1644 coloniam
1128 1577 1242 1642 Abhas
1257 1579 1403 1659 electus,

361 1694 515 1770 regnante
529 1680 693 1750 Lndovieo
706 1681 822 1772 Optmo
832 1681 1008 1749 Galliarum
1025 1681 1188 1771 principe,
1210 1685 1437 1774 imperante
1436 1645 1437 1742 i

361 1792 436 1853 vero
448 1783 587 1850 Henrico
600 1784 642 1862 V,
651 1783 875 1850 Pontificatum
885 1797 994 1858 autem
1006 1797 1175 1851 exercente
1184 1786 1369 1857 Paschalio
1377 1793 1437 1858 H

358 1890 525 1966 domitet
541 1890 560 1955 ὅ
574 1889 626 1955 die
642 1889 759 1967 Martii,
776 1913 860 1956 anno
881 1891 962 1955 1155
979 1889 1149 1956 defunctus
1162 1903 1221 1956 est.

406 1997 541 2084 Scripsit
558 2019 566 2060 t
590 2007 628 2060 1⁰.
650 1996 903 2070 Commentario
917 1995 950 2060 in
966 2017 1089 2076 sacram
1099 1995 1334 2084 scripturam,
1350 2000 1401 2066 uti

362 2103 402 2168 ab
419 2102 625 2190 antiquorum
639 2099 775 2189 vestigiis
788 2097 971 2177 declinans,
987 2099 1085 2166 modo
1098 2099 1272 2166 dialectieo
1287 2127 1401 2192 proce-

363 2205 422 2283 dit,
431 2207 597 2292 tribusque
608 2205 752 2294 pertibus
761 2204 895 2271 dicende
904 2205 1026 2282 dividit,
1040 2229 1176 2294 quorum
1187 2206 1295 2294 prime
1310 2259 1320 2284 ,
1333 2233 1399 2298 que

363 2321 381 2378 tt
395 2309 625 2378 constitutione
640 2309 753 2376 mundi
771 2333 872 2398 usque
895 2309 936 2374 ad
951 2309 1089 2376 hominis
1112 2309 1259 2399 lapsum,
1279 2312 1391 2407 Patri,

260 2469 262 2473 -
368 2418 520 2494 secunda,
530 2421 625 2506 quaei
638 2415 728 2506 lapsu
743 2415 882 2490 hominis
898 2421 999 2504 usque
1014 2415 1056 2480 ad
1065 2416 1183 2483 Christi
1193 2415 1393 2495 Passionem,
1436 2485 1437 2508 ,

280 2591 282 2596 .
366 2525 469 2604 Filio,
491 2529 597 2604 tertie,
614 2547 684 2614 quae
699 2531 716 2590 a
734 2524 882 2590 Passione
900 2521 1134 2612 Christiusque
1150 2523 1191 2588 ad
1206 2525 1297 2592 orbis
1317 2549 1394 2594 con-

363 2633 578 2721 sumptionem
587 2629 783 2707 extenditur,
794 2630 927 2719 Spiritui
936 2643 1046 2696 sancto
1059 2631 1257 2698 tribuuntur.
1265 2633 1392 2700 Haben-

363 2754 418 2806 tur
431 2747 584 2828 praeteret
604 2741 637 2804 in
653 2737 825 2804 duodecim
835 2738 975 2804 minores
994 2738 1171 2826 Prophetas
1187 2739 1268 2804 etin
1289 2740 1392 2806 Cauti-

364 2869 440 2914 cum
471 2846 671 2912 canticorum
701 2857 846 2910 veterum
868 2843 1020 2909 methodo
1053 2845 1260 2909 consentanei
1292 2847 1390 2934 magis

274 2944 277 2950 ’
367 2951 630 3028 Commentarii,·
647 2948 732 3014 idem
749 2945 790 3012 de
807 2943 1065 3013 commentariis
1075 2948 1108 3012 in
1124 2946 1338 3023 Matthaeum,
1360 2952 1388 3014 iu

364 3057 399 3124 S.
411 3055 583 3130 «ioannem,
593 3067 625 3120 et
641 3057 672 3120 in
689 3050 904 3142 Apocalipsim
920 3053 1155 3128 affirmandum
1173 3067 1213 3118 2⁰.
1235 3053 1386 3152 tredecim

190 3227 191 3230 ,
256 3241 257 3244 ¹
364 3161 463 3228 libros
479 3160 519 3227 de
535 3159 695 3238 Victoriis
710 3157 814 3226 Verbi
829 3157 1091 3247 Diuini,quibus
1106 3159 1385 3248 pluressolvuntur

338 3345 340 3349 Α
364 3269 483 3358 pariter
511 3268 597 3334 circe
614 3265 820 3352 scripturam
842 3265 1051 3351 quaestiones;
1079 3267 1119 3330 5⁰.
1147 3279 1328 3331 tractatam
1350 3269 1384 3334 de

365 3374 608 3467 glorificatione
621 3371 820 3444 Trinitatis,
834 3386 865 3435 et
879 3371 1028 3460 Spirittis
1039 3373 1147 3436 sancti
1161 3373 1381 3450 Proeeesione;

365 3485 410 3559 4⁰.
430 3479 553 3544 tibrum
573 3478 612 3542 de
630 3477 759 3567 Officiis
778 3474 939 3551 Divinis,
954 3477 1008 3544 ubi
1027 3499 1143 3566 penem
1159 3480 1247 3542 carni
1271 3478 1378 3544 Christi

366 3587 582 3678 hypostatice
574 3602 771 3674 incorporari
764 3583 909 3650 videtur
922 3583 1111 3676 defendere,
1125 3582 1200 3651 licet
1211 3608 1275 3650 non
1287 3586 1379 3653 desint

347 3758 349 3772 ,
366 3719 420 3783 qut
412 3693 526 3760 'illum
541 3691 729 3781 benignius
721 3703 981 3780 interpretentur.
1047 3693 1048 3697 ’

410 3803 544 3896 Ruperti
566 3801 738 3868 lectionem
762 3823 827 3866 non
851 3797 891 3864 ad
913 3799 1148 3865 informandum
1169 3799 1298 3887 quidem
1319 3800 1376 3866 eio-

367 3909 551 4000 queniam,
569 3906 623 3974 sed
636 3899 687 3972 ed
706 3904 821 4018 solidas
844 3904 955 3974 saltem
979 3904 1190 3996 suggerendae
1218 3908 1375 3974 sententies
