2960 4592
804 393 816 476 (
842 411 902 480 ιιι
928 393 939 479 )
1028 476 1032 484 .

363 527 450 592 enim
469 525 517 593 vel
538 526 638 594 hDeo
663 525 776 603 datus,
797 527 847 594 vel
871 525 964 594 datus
985 525 1053 594 Deo
1074 526 1252 618 significare
1272 538 1389 616 potest.

364 629 439 696 Post
457 633 559 720 prima
581 631 786 698 institutionis
809 633 958 709 exordia,
984 631 1024 696 ab
1049 645 1161 698 octavo
1184 632 1285 698 aetatis
1307 653 1393 696 anno

361 735 459 802 vitam
483 737 516 803 in
535 736 729 802 monasterio
745 737 915 826 Eupropii,
939 760 1004 802 non
1028 736 1144 826 prochl
1164 722 1203 804 ab
1222 735 1392 804 Antiochia

362 839 452 916 duxit
475 847 575 930 usquo
598 841 639 906 ad
662 842 900 930 Episcopatum.
932 843 993 909 Hic
1015 865 1181 908 sacrarum
1195 826 1391 908 'litterarum

362 941 510 1012 doctores
525 945 639 1010 habuit
652 943 861 1010 Theodorum
874 945 1152 1033 Mopsuestcnum,
1168 944 1188 1011 J
1190 967 1392 1033 oannemque

363 1047 647 1140 Chrysostomum,
666 1051 788 1118 sodales
804 1057 880 1118 verb
899 1051 1058 1118 loannem
1074 1059 1182 1140 postea
1199 1051 1391 1118 Antiochen-

362 1177 429 1220 sem
449 1157 656 1247 episcopum,
673 1170 705 1222 et
716 1157 874 1223 famosum
890 1156 985 1222 nimis
1004 1145 1392 1246 Constantinopolitanum

362 1259 556 1330 Nestorium.
573 1261 620 1329 lta
633 1262 827 1362 lichtjunior
838 1259 971 1330 scientia
983 1263 1217 1352 virtutibusque
1229 1262 1389 1338 inclaruit,
1465 1305 1466 1346 3

327 1441 333 1450 ,
361 1369 694 1458 ntLectorprimhmb
707 1368 898 1458 Porphyrio‚
907 1368 1069 1435 Diaconos
1081 1381 1187 1466 antem
1200 1369 1390 1458 Praesbyter·

359 1499 422 1566 que
444 1476 483 1540 ab
514 1473 720 1550 Alexandro,
751 1473 908 1562 episcopis
940 1473 1149 1540 Antiochenis
1171 1474 1383 1546 ordinaretur.
1465 1547 1466 1550 Ἴ

358 1581 536 1678 Episcopus
559 1577 736 1666 cyrianus,
762 1599 818 1644 seu
843 1575 919 1665 Cyri
935 1577 1022 1666 quod
1044 1578 1200 1668 oppidum
1221 1591 1269 1645 est
1287 1579 1408 1668 Syrio·
1465 1591 1466 1664 j

336 1763 339 1768 Ι
357 1679 392 1752 ἰιι
407 1683 570 1773 provincia
588 1681 729 1772 Augusta
746 1681 957 1772 Euphratesit
975 1693 1182 1749 consecratus
1198 1695 1246 1750 est
1269 1685 1387 1750 invitus
1440 1735 1444 1744 .

357 1792 377 1858 h
391 1787 562 1858 Theodoro
571 1811 723 1878 episcopo
737 1785 952 1866 Antiocheno,
967 1789 1052 1856 circa
1068 1784 1276 1870 annumlo5,
1303 1786 1388 1856 velut

326 1869 560 2019 probabilius
573 1894 700 1961 videtur
714 1897 792 1974 420.

405 1995 442 2070 ln
465 2000 536 2092 ojus
551 2001 756 2092 pontificaths
772 1992 903 2068 historia
924 2002 987 2068 duo
1002 2005 1140 2072 maxime
1152 2000 1385 2095 distinguenda,

360 2115 476 2198 nempe
495 2111 598 2199 primb
615 2131 685 2198 quae
700 2113 852 2198 tanquam
870 2111 1010 2197 privatus
1029 2113 1125 2200 gessit
1138 2112 1336 2202 Episcopus,
1354 2126 1387 2180 et

358 2239 429 2304 quae
447 2216 588 2283 secundo
606 2221 758 2305 tanquam
778 2216 951 2320 Episcopus
968 2216 1008 2282 ad
1031 2220 1213 2286 tractandas
1234 2211 1384 2288 Ecclesiae

359 2321 544 2388 universalis
562 2345 674 2390 causas
694 2321 854 2412 agendum
874 2345 945 2390 esse
960 2319 1095 2412 putavit.

403 2428 446 2494 l.⁰
462 2400 639 2508 Quidom'
614 2453 641 2494 ιι
657 2427 897 2495 Theodoretnm
908 2433 1061 2518 tanqubm
1074 2395 1232 2520 privaturn
1248 2433 1379 2522 pontifi·
1464 2435 1465 2498 Ξ

359 2549 430 2602 cem
448 2535 651 2604 considerare
669 2534 826 2612 volueris,
849 2535 1084 2603 sanctissimum
1103 2537 1245 2604 invenies
1268 2537 1387 2604 Christi

358 2640 570 2718 ministrum,
607 2639 762 2728 verbique
788 2639 886 2706 divini
920 2639 1176 2728 predicatorem.
1214 2640 1386 2710 Dioeoesim

358 2755 471 2812 nactus
492 2749 607 2810 natura
622 2743 836 2820 horrendam,
856 2744 1039 2834 populoque
1060 2745 1132 2812 rudi
1151 2758 1184 2812 et
1202 2747 1292 2835 quasi
1308 2747 1385 2812 bar-

358 2851 438 2918 baro
452 2852 623 2928 refertam,
640 2851 716 2922 huic
730 2863 838 2918 tamen
860 2851 959 2919 veluti
975 2853 1147 2920 carissimae
1161 2875 1285 2943 sponsae
1302 2853 1387 2920 indi-

358 2958 473 3026 viduus
491 2958 640 3034 adhaesit,
656 2956 844 3046 posthabitis
864 2958 1031 3026 ditioribus
1047 2958 1116 3026 aliis
1131 3010 1140 3036 ,
1157 2983 1236 3049 quas
1255 2973 1385 3051 propter

357 3065 429 3130 vitae
443 3064 647 3152 sciontiaequo
663 3064 814 3130 meritum
829 3053 922 3132 laoile
937 3066 1091 3155 potuisset
1103 3066 1258 3134 obtinere.
1276 3065 1384 3147 Quam

358 3171 489 3260 quidem
507 3170 695 3260 quadragies
717 3169 804 3238 mille
821 3193 931 3259 passus
950 3167 1155 3260 porrectam,
1172 3183 1204 3237 et
1220 3170 1384 3240 Ecclesiae

358 3277 578 3344 continentem
593 3277 803 3366 octingintos,
824 3283 899 3344 chm
923 3279 1017 3344 variis
1038 3277 1210 3344 haeresibus
1227 3277 1382 3350 infectam

360 3381 552 3471 accepisset,
569 3381 615 3448 sio
630 3379 718 3446 illam
734 3381 775 3446 ab
792 3383 878 3447 omni
893 3384 1046 3458 maculo,
1066 3381 1223 3472 rugisque
1237 3381 1386 3448 omnibus

357 3511 494 3579 purgare
509 3487 690 3578 prevaluit,
704 3501 739 3554 nt
754 3489 840 3556 vicos
855 3502 947 3568 octo,
963 3502 996 3556 ot
1014 3490 1048 3556 in
1061 3489 1109 3556 his
1126 3489 1239 3558 decem
1252 3490 1385 3558 Marcio·
1462 3503 1463 3580 ζ

358 3595 500 3662 nitarum
515 3589 631 3670 millia,
649 3595 689 3660 sd
706 3593 905 3664 Catholioam
916 3594 1014 3663 fidem
1029 3595 1210 3672 reduxerit,
1223 3589 1385 3686 aliumque

358 3700 465 3768 vicum
484 3695 668 3778 Eunomiis‚
690 3695 788 3790 alium
806 3695 948 3777 Arianis,
963 3697 1220 3778 Macedonianis,
1242 3715 1275 3767 et
1289 3697 1384 3792 Apol-

358 3805 506 3874 linaristis
516 3807 669 3892 refertum
679 3807 720 3872 ab
731 3803 840 3874 errore
855 3801 1053 3880 liberaverit;
1070 3830 1134 3896 quo
1150 3808 1335 3874 factumest
1349 3819 1383 3872 ut

359 3914 392 3980 in
407 3919 473 4002 total
490 3915 628 4004 Cyriauh
644 3914 774 4004 regione
791 3913 936 4014 doctrina
954 3912 1118 3980 Catholica
1135 3913 1255 4004 ubique
1272 3935 1383 4004 perso-
