2940 4570
552 309 662 401 (ort

83 483 97 517 s
129 455 208 526 tiani
219 455 417 522 deservimus
432 449 539 516 :hunc
559 447 770 538 deprecamur
781 447 893 514 diebus
901 467 940 513 ac
954 440 1113 523 noctibus,

85 587 98 621 a
131 583 192 650 pro
214 561 309 627 nobis
324 571 356 624 et
375 579 435 646 pro
450 553 600 621 omnibus
616 551 801 618 hominibus
817 565 850 618 et
864 575 923 642 pro
939 551 1112 621 incolumi-

83 694 98 729 »
130 676 199 732 tato
216 665 356 755 ipsorum
380 663 620 750 imperatorum.
643 657 799 726 Paternus
814 658 988 746 proconsul
1005 657 1083 723 dixit
1102 681 1111 724 τ

86 800 100 833 s
134 772 174 838 In
189 773 250 840 hic
265 779 339 861 ergo
356 767 519 836 voluntate
533 789 716 857 perseveras
728 765 743 830 i
756 763 934 854 Cyprianus
946 767 1114 855 episcopus

88 903 103 937 s
135 875 298 966 respondit
318 897 326 940 τ
344 873 434 938 Bona
449 869 596 938 voluntas
611 865 684 960 quai
697 871 803 936 Deum
819 871 926 946 novit,
952 871 1115 936 immutari

89 1007 105 1041 s
136 999 201 1044 non
215 988 331 1066 potest.
349 975 506 1042 Paternus
521 971 694 1062 proconsul
711 972 790 1038 dixit
807 996 815 1036 ε
837 971 957 1039 Poteris
973 981 1048 1064 ergo
1064 997 1115 1041 se·

87 1111 104 1145 s
136 1081 276 1150 cundum
288 1077 655 1170 praeceptumVaieriani
671 1089 703 1144 et
712 1076 995 1152 Gallieniexsulad
1004 1081 1116 1174 urbem

87 1216 102 1248 a
137 1185 370 1252 curubitanam
390 1183 552 1276 proticisci
575 1183 590 1248 i
613 1183 792 1272 Cyprianus
813 1185 981 1274 episcopus
1006 1185 1083 1253 dixit
1107 1211 1116 1253 r

83 1321 101 1356 s
134 1289 379 1357 Proficiscor....
396 1287 553 1356 Paternus
565 1285 736 1378 proconsul
753 1285 831 1353 dixit
849 1311 858 1354 :
876 1287 910 1355 Si
927 1290 997 1378 quis
1013 1292 1118 1381 imps-

82 1429 100 1464 υ
133 1416 286 1470 satorum
306 1395 432 1463 salubre
454 1407 652 1487 praeceptum
669 1418 734 1462 non
757 1396 971 1464 observaverit
990 1401 1117 1490 ,capite

86 1534 101 1568 a
134 1502 304 1594 plectetur.
326 1501 505 1592 Cyprianus
526 1501 694 1592 episcopus
721 1501 915 1591 respondit:
940 1501 1005 1570 Fac
1031 1503 1119 1594 quod
1168 1549 1181 1566 .

86 1641 103 1674 s
135 1611 195 1676 tibi
222 1621 419 1700 praeceptum
441 1622 500 1676 est.
537 1607 637 1675 Tunc'
651 1607 806 1674 Paternus
829 1608 1001 1698 proconsul
1026 1611 1120 1700 jussit
1156 1623 1159 1631 ⁴

89 1747 105 1780 ι
138 1717 175 1784 Β.
196 1705 395 1806 Cyprianum
418 1715 605 1806 episcopum
621 1713 654 1779 in
670 1712 800 1779 exilium
819 1712 990 1804 deportari.
1018 1717 1120 1783 Cum·

90 1854 107 1890 a
140 1847 203 1914 que
224 1823 280 1891 diis
301 1823 424 1890 ibidem
448 1835 628 1890 moraretur
655 1822 808 1890 successit
828 1821 959 1912 Aspasia
982 1823 1119 1890 Paterno

92 1961 108 1994 a
138 1928 322 2022 proconsuli
352 1926 498 1996 Galerius
514 1928 667 2008 Maximus
691 1926 892 2016 proconsul,
915 1929 969 2017 qui
992 1927 1025 1995 S.
1053 1929 1119 2018 Cy-

90 2065 107 2099 s
137 2035 286 2126 prianum
295 2033 483 2124 episcopum
491 2033 531 2098 ab
544 2029 637 2099 exilio
652 2043 837 2098 revocatum
854 2031 912 2096 sibi
929 2031 1020 2121 jussit
1034 2055 1120 2122 prse-

88 2171 104 2208 s
136 2142 253 2210 sentari
263 2167 331 2218 a...
347 2146 486 2233 cumque
503 2139 631 2206 oblatus
644 2139 777 2215 fuisset,
803 2137 949 2205 Galerius
964 2139 1118 2208 Maximus

89 2276 106 2312 s
139 2245 311 2340 proconsul
325 2245 486 2336 Cypriane
499 2244 761 2342 episcopo'dixit:
777 2243 867 2312 Tuos
879 2245 1033 2315 Thascius
1052 2247 1119 2338 Cy-

91 2379 108 2414 s
139 2349 482 2440 prianusiCyprianus
496 2348 857 2438 episcopus'respondit:
873 2351 940 2440 Ego
954 2373 1036 2417 sum.
1054 2351 1120 2418 Ga·

90 2486 107 2522 s
137 2456 404 2532 leriuvaaximus
419 2454 593 2544 proconsul
604 2455 683 2522 dixit
694 2478 703 2520 ε
713 2438 762 2520 'Iu
779 2479 895 2544 papam
911 2467 943 2522 te
958 2456 1121 2546 sacrilegae

90 2593 106 2628 s
137 2564 252 2632 mentis
268 2562 451 2631 hominibus
468 2561 632 2650 prebuisti
645 2562 660 2626 i
673 2561 852 2652 Cyprianus
869 2564 1037 2654 episcopus
1050 2589 1119 2632 ros·

85 2700 105 2736 s
136 2670 251 2762 pondit
271 2692 279 2734 τ
297 2670 374 2758 Ego.
397 2665 540 2735 Galerius
559 2665 715 2733 Maximus
729 2667 902 2757 proconsul
927 2670 1006 2737 dixit
1020 2697 1030 2738 r
1043 2673 1120 2742 Jus-

89 2806 105 2841 ι
136 2789 247 2844 serunt
269 2787 302 2842 te
331 2775 534 2841 sacratissimi
561 2775 769 2864 imperatores
792 2778 1021 2845 caeremoniari.
1053 2779 1120 2870 Cy·

88 2911 105 2946 a
137 2877 451 2970 prianusepiscopus
468 2877 567 2943 dixit:
584 2877 654 2944 Non
674 2877 767 2944 secioa
794 2877 940 2946 Galerius
962 2881 1119 2952 Maximus

88 3017 105 3054 ι
140 2988 185 3054 ait
200 3010 208 3052 ε
223 2983 362 3052 Consule
375 2985 444 3052 tibi.
458 2985 636 3077 Cyprianus
648 2987 816 3078 opiscopus
832 2990 911 3056 dixit
926 3015 934 3057 a
949 2987 1014 3060 Fac
1031 2996 1118 3084 quod

89 3124 105 3160 s
137 3093 196 3159 tibi
218 3103 413 3182 praeceptum
430 3106 477 3158 est
488 3116 498 3166 r
518 3093 550 3158 in
571 3116 608 3159 re
629 3105 696 3158 tam
716 3093 799 3182 justu
821 3093 907 3162 nulla
923 3111 971 3164 est
987 3099 1118 3176 consul·

90 3230 106 3266 s
137 3199 217 3266 tatio
219 3245 286 3264 .....
309 3198 401 3264 Tunc
414 3195 564 3264 Galerius¹
575 3195 742 3266 decretum
757 3225 796 3267 ex
813 3202 929 3270 tabeilai
945 3207 1088 3274 recitavit
1106 3234 1114 3274 :

89 3335 104 3372 s
138 3303 318 3372 Thascium
335 3303 534 3394 Cyprianum
563 3302 669 3394 gladio
691 3307 900 3373 animadverti
921 3307 1037 3398 placet.
1058 3311 1121 3402 Cy-

90 3444 107 3477 »
138 3412 271 3502 prianus
285 3413 456 3501 episcopus
472 3411 550 3478 dixit
568 3435 576 3477 τ
593 3411 662 3480 Deo
677 3415 803 3503 gratias.
819 3443 833 3477 s

102 3519 399 3610 ¹Sicmurtyrium
420 3519 700 3586 consummavitB.
724 3521 1012 3613 Cyprianus,'qui,
1028 3525 1118 3614 juxta
1176 3493 1179 3500 ¹
1255 3553 1259 3560 ·
1360 3517 1364 3524 ’

90 3625 267 3692 Pacianum
293 3623 564 3692 Barcinonensem
593 3625 807 3716 episcopum,
840 3629 908 3695 «in
944 3633 1117 3701 concordisi

89 3757 103 3790 s
135 3727 302 3804 omnium,
318 3728 350 3794 in
367 3727 689 3818 pacecommuni,in
701 3728 919 3796 confessorum
935 3717 1030 3824 grege
1043 3757 1119 3825 pas-

87 3861 103 3896 s
134 3855 189 3898 sus
204 3843 274 3908 esta
294 3846 326 3900 et
341 3839 425 3922 saepe
441 3834 622 3910 consessus,
639 3834 758 3902 iteratis
773 3837 1067 3922 persecutionibus,
1085 3853 1119 3907 ot

181 3937 306 4038 Tamus
318 3923 423 4006 VIII.
831 4009 834 4016 ,
988 3968 1005 4030 7
