2990 4570
812 224 946 397 (aa)
1252 381 1257 418 ι
1479 418 1480 455 ψ

284 459 288 469 ’
347 444 448 531 (Hist.
466 443 523 516 lib.
547 463 575 510 1.
599 467 670 532 cap.
698 445 746 532 5.)
771 445 902 513 Pothius
925 459 1034 512 autem
1050 447 1096 514 sic
1118 438 1210 512 illum
1230 439 1372 512 laudat:
1479 466 1480 503 ι

257 601 261 614 .
353 576 366 612 ι
388 537 859 642 LegunturCyrilliTheseuri;
881 551 1172 644 epicherematibus
1181 553 1319 618 refertus
1328 563 1380 616 est

344 683 357 718 s
389 653 491 732 liber,
515 665 699 743 pugnatque
714 651 818 720 valide
834 677 872 721 ac
894 655 980 720 varie
996 677 1072 723 cum
1087 655 1154 722 Arii
1166 668 1206 722 et
1222 656 1385 722 Eunomii

301 752 304 762 ’
347 790 361 824 ι
390 761 561 836 furibundi
578 760 677 828 rabie.
697 762 825 828 Etenim
837 775 869 828 et
880 761 991 852 logicis
1002 764 1199 852 argumentis
1212 764 1378 852 sapienter

347 897 359 932 r
391 866 520 948 illorum
537 866 671 938 destruit
695 869 886 944 amentiam,
903 869 1021 958 quibus
1036 869 1114 936 dum
1128 881 1246 936 sanctae
1265 869 1380 958 Scrip-

346 999 359 1033 ι
390 984 470 1040 turre
481 972 623 1048 adnectit
637 973 821 1062 adtexitque
839 975 1021 1042 testimonia
1032 981 1154 1063 ,quam
1171 977 1212 1042 sit
1227 974 1282 1042 illa
1298 977 1379 1042 doc·
1479 1028 1480 1035 ι

347 1069 365 1147 ιΙ
391 1080 476 1148 trina
490 1078 590 1160 futilis
606 1082 694 1150 omni
706 1105 746 1148 ex
760 1092 855 1170 parte
868 1081 1020 1172 divulgat.
1040 1081 1190 1150 Adhibet
1198 1082 1286 1149 idem
1301 1107 1380 1172 qno-

347 1218 361 1257 ι
392 1212 460 1278 que·
476 1200 593 1258 sanctae
617 1188 793 1278 Scriptura
815 1169 1018 1266 testimonia,
1043 1197 1163 1279 utque
1190 1214 1224 1258 se
1247 1190 1379 1257 fastuosi

318 1293 319 1298 ’
350 1323 363 1362 ι
391 1305 518 1362 vertant
536 1295 660 1384 obsepti
676 1294 817 1384 undique
834 1307 929 1384 etque
948 1293 1093 1363 conclusi
1108 1297 1174 1362 no'n
1189 1295 1373 1362 habeant.»

351 1401 483 1490 (Bitt.)
499 1401 537 1468 ln
545 1401 772 1492 Martyrologio
787 1403 907 1492 pariter
919 1401 1065 1470 Romano
1080 1403 1154 1490 (dia
1163 1427 1202 1492 27
1215 1404 1379 1492 ianuar.)

349 1509 468 1578 dicitur
479 1509 647 1576 catholicoe
657 1508 740 1598 fidei
747 1525 989 1602 propugnator,
1003 1509 1158 1577 doctrina
1169 1527 1199 1578 at
1208 1511 1385 1578 sanctitate

350 1615 502 1686 illustris.
522 1615 556 1683 S.
568 1615 699 1690 demhm
708 1615 893 1684 Anastasius
907 1615 1042 1693 Sinaita,
1052 1615 1098 1682 sic
1112 1615 1223 1682 datum
1233 1593 1383 1705 Cyrilloa

350 1722 489 1794 coneilio
497 1721 752 1800 Chalcedonensi
761 1721 899 1814 elogium
906 1723 1097 1812 amplificat:
1109 1723 1386 1814 «Cyrilioaetaana

350 1855 364 1890 s
395 1825 558 1894 memoria
569 1829 652 1895 sicut
664 1842 699 1908 et
712 1826 981 1896 Chalcedonensis
992 1827 1134 1917 synodus
1150 1827 1248 1893 dixit:
1262 1829 1383 1895 etenim

352 1963 366 2003 ι
397 1933 505 2002 nullus
524 1948 711 2005 sanctorum
727 1935 858 2003 Petrum
873 1936 1109 2003 sanctissimum
1124 1932 1252 2008 illudet
1267 1935 1385 2002 indeti-

277 2028 279 2034 ’
353 2067 366 2105 ι
398 2041 486 2108 ciens
507 2052 538 2104 et
552 2052 718 2112 -aeternum
733 2053 766 2106 et
780 2037 953 2110 indelebile
976 2051 1098 2104 naturae
1122 2039 1241 2107 Christi
1261 2040 1389 2108 henefi-

286 2207 289 2214 .
351 2174 366 2211 »
397 2147 483 2216 cium
498 2145 541 2213 in
556 2145 762 2234 praedicavit,
779 2144 862 2212 sicut
878 2141 1002 2214 divinus
1018 2143 1224 2233 Gyrillus.....
1245 2147 1334 2213 Rene
1348 2148 1389 2213 sit

353 2286 367 2320 ι
398 2254 476 2333 tibi,
490 2253 620 2332 lumen,
634 2255 704 2333 fax,
721 2266 753 2320 et
768 2251 919 2322 columna
931 2251 1246 2342 ,veritatis,.,Cyrille.
1265 2253 1388 2322 lteratb

296 2361 302 2368 “
356 2393 369 2428 ι
398 2362 529 2432 dicam:
550 2360 675 2450 Cyriiii
696 2365 771 2440 vene
793 2347 920 2428 aterna
939 2357 1127 2436 memoria,
1147 2358 1202 2446 qui
1226 2381 1293 2424 non
1313 2359 1388 2426 sinit
1428 2409 1430 2416 ,

357 2499 370 2533 n
401 2493 461 2536 nos
478 2473 496 2534 a
512 2490 589 2538 vcro
605 2466 796 2533 deerrare.»
889 2507 892 2516 .

692 2612 863 2682 normanus
887 2628 1066 2672 anacreon.

400 2749 524 2816 latina
536 2746 662 2849 plenior
677 2746 790 2814 emissa
807 2759 856 2814 est
873 2745 906 2813 S.
927 2743 1040 2836 Cyrilli
1051 2743 1150 2810 editio
1165 2745 1323 2824 Parisiis,
1332 2769 1384 2812 an.

361 2855 456 2921 1605.
1236 2857 1243 2874 ‘

240 3029 241 3032 ,
347 2949 362 2990 3
401 2960 648 3042 Graeco-latina
668 2971 778 3026 antem
799 2933 1216 3036 habeturloan.f1abcrta
1236 2969 1388 3035 curante,

357 3065 501 3144 Parisiis
517 3067 613 3148 1658,
629 3065 649 3130 6
665 3063 727 3131 ιοΙ.
747 3063 848 3131 in-fol.

770 3280 773 3286 .
826 3237 943 3328 ng.

374 3487 378 3496 ἢ
491 3397 635 3473 Sanctus
660 3395 856 3466 Vincentius
879 3390 1082 3486 Lirinensis,
1107 3413 1154 3456 an
1174 3393 1252 3474 448,

669 3621 672 3628 .
795 3577 940 3652 narinus.

266 3836 268 3839 ι
401 3749 545 3816 Sanctae
566 3747 786 3820 Vincentius,
819 3745 1011 3820 Lirinensis,
1042 3747 1173 3812 natione
1200 3739 1312 3808 Gallus
1328 3791 1337 3817 ,
1355 3738 1386 3804 S.

357 3849 439 3944 Lupi
469 3850 637 3921 Trecensis
662 3849 803 3940 episcopi
829 3849 952 3924 frater,
977 3874 990 3910 a
1012 3851 1088 3918 cum
1115 3844 1323 3936 aliquandiu,
1356 3851 1387 3906 ut
