<?xml version="1.0" encoding="UTF-8"?>
<!DOCTYPE html PUBLIC "-//W3C//DTD XHTML 1.0 Transitional//EN"
    "http://www.w3.org/TR/xhtml1/DTD/xhtml1-transitional.dtd">
<html xmlns="http://www.w3.org/1999/xhtml" xml:lang="en" lang="en">
 <head>
  <title>
</title>
<meta http-equiv="Content-Type" content="text/html;charset=utf-8" />
  <meta name='ocr-system' content='tesseract 3.04.00' />
  <meta name='ocr-capabilities' content='ocr_page ocr_carea ocr_par ocr_line ocrx_word'/>
</head>
<body>
  <div class='ocr_page' id='page_1' title='image "./rhetoricasancto01cailgoog_0290.png"; bbox 0 0 2960 4592; ppageno 0'>
   <div class='ocr_carea' id='block_1_1' title="bbox 542 315 737 464">
    <p class='ocr_par' dir='ltr' id='par_1_1' title="bbox 542 315 737 464">
     <span class='ocr_line' id='line_1_1' title="bbox 542 315 737 464; baseline -0.005 0"><span class='ocrx_word' id='word_1_1' title='bbox 542 315 737 464; x_wconf 36' lang='lat' dir='ltr'><strong>taor*</strong></span> 
     </span>
    </p>
   </div>
   <div class='ocr_carea' id='block_1_2' title="bbox 21 482 1116 711">
    <p class='ocr_par' dir='ltr' id='par_1_2' title="bbox 21 482 1116 731">
     <span class='ocr_line' id='line_1_2' title="bbox 23 482 1113 606; baseline 0.01 -36"><span class='ocrx_word' id='word_1_2' title='bbox 23 517 31 546; x_wconf 65' lang='lat' dir='ltr'><strong>t</strong></span> <span class='ocrx_word' id='word_1_3' title='bbox 95 501 114 573; x_wconf 70' lang='lat' dir='ltr'><strong>a</strong></span> <span class='ocrx_word' id='word_1_4' title='bbox 130 507 280 576; x_wconf 81' lang='lat' dir='ltr'><strong>Flaviano</strong></span> <span class='ocrx_word' id='word_1_5' title='bbox 291 482 490 600; x_wconf 73' lang='lat' dir='ltr'><strong>congregem</strong></span> <span class='ocrx_word' id='word_1_6' title='bbox 505 532 588 578; x_wconf 86' lang='lat' dir='ltr'><strong>anno</strong></span> <span class='ocrx_word' id='word_1_7' title='bbox 600 513 677 592; x_wconf 79' lang='grc'><strong>408,</strong></span> <span class='ocrx_word' id='word_1_8' title='bbox 690 517 760 576; x_wconf 82' lang='lat' dir='ltr'><strong>tlrm</strong></span> <span class='ocrx_word' id='word_1_9' title='bbox 775 511 919 578; x_wconf 82' lang='lat' dir='ltr'><strong>conciliis</strong></span> <span class='ocrx_word' id='word_1_10' title='bbox 939 511 1113 606; x_wconf 68' lang='lat' dir='ltr'><strong>Ephesino,</strong></span> 
     </span>
     <span class='ocr_line' id='line_1_3' title="bbox 21 615 1116 711; baseline 0.014 -34"><span class='ocrx_word' id='word_1_11' title='bbox 21 623 31 659; x_wconf 71' lang='lat'><strong>&#39;¹</strong></span> <span class='ocrx_word' id='word_1_12' title='bbox 96 615 238 704; x_wconf 82' lang='lat' dir='ltr'><strong>generali</strong></span> <span class='ocrx_word' id='word_1_13' title='bbox 254 615 318 692; x_wconf 91' lang='lat' dir='ltr'><strong>lll,</strong></span> <span class='ocrx_word' id='word_1_14' title='bbox 337 639 421 682; x_wconf 87' lang='lat' dir='ltr'><strong>enno</strong></span> <span class='ocrx_word' id='word_1_15' title='bbox 442 619 529 705; x_wconf 78' lang='grc'><strong>449,</strong></span> <span class='ocrx_word' id='word_1_16' title='bbox 548 629 580 684; x_wconf 85' lang='lat' dir='ltr'><strong>et</strong></span> <span class='ocrx_word' id='word_1_17' title='bbox 596 616 869 694; x_wconf 87' lang='lat' dir='ltr'><strong>Chalcedonensi,</strong></span> <span class='ocrx_word' id='word_1_18' title='bbox 894 622 1036 711; x_wconf 82' lang='lat' dir='ltr'><strong>generali</strong></span> <span class='ocrx_word' id='word_1_19' title='bbox 1054 624 1116 700; x_wconf 83' lang='lat' dir='ltr'><strong>lv,</strong></span> 
     </span>
    </p>
   </div>
   <div class='ocr_carea' id='block_1_3' title="bbox 94 721 1206 919">
    <p class='ocr_par' dir='ltr' id='par_1_3' title="bbox 94 721 1206 919">
     <span class='ocr_line' id='line_1_4' title="bbox 97 721 1144 826; baseline 0.012 -42"><span class='ocrx_word' id='word_1_20' title='bbox 97 743 184 788; x_wconf 84' lang='lat' dir='ltr'><strong>anno</strong></span> <span class='ocrx_word' id='word_1_21' title='bbox 198 723 260 801; x_wconf 73' lang='grc'><strong>451</strong></span> <span class='ocrx_word' id='word_1_22' title='bbox 274 722 370 826; x_wconf 29' lang='lat' dir='ltr'><strong>pubi,</strong></span> <span class='ocrx_word' id='word_1_23' title='bbox 390 721 559 798; x_wconf 75' lang='lat' dir='ltr'><strong>detestatis</strong></span> <span class='ocrx_word' id='word_1_24' title='bbox 570 723 603 790; x_wconf 90' lang='lat' dir='ltr'><strong>in</strong></span> <span class='ocrx_word' id='word_1_25' title='bbox 619 723 781 812; x_wconf 87' lang='lat' dir='ltr'><strong>Ephesino</strong></span> <span class='ocrx_word' id='word_1_26' title='bbox 796 723 963 796; x_wconf 86' lang='lat' dir='ltr'><strong>latrocinio</strong></span> <span class='ocrx_word' id='word_1_27' title='bbox 988 731 1144 817; x_wconf 77' lang='lat' dir='ltr'><strong>patratis·</strong></span> 
     </span>
     <span class='ocr_line' id='line_1_5' title="bbox 94 829 1206 919; baseline 0.013 -26"><span class='ocrx_word' id='word_1_28' title='bbox 94 829 242 919; x_wconf 82' lang='lat' dir='ltr'><strong>flagitiis,</strong></span> <span class='ocrx_word' id='word_1_29' title='bbox 255 829 326 896; x_wconf 85' lang='lat' dir='ltr'><strong>sedi·</strong></span> <span class='ocrx_word' id='word_1_30' title='bbox 337 851 400 896; x_wconf 88' lang='lat' dir='ltr'><strong>suae</strong></span> <span class='ocrx_word' id='word_1_31' title='bbox 412 831 595 908; x_wconf 69' lang='lat' dir='ltr'><strong>restitutus,</strong></span> <span class='ocrx_word' id='word_1_32' title='bbox 611 833 886 900; x_wconf 84' lang='lat' dir='ltr'><strong>sententiamcum</strong></span> <span class='ocrx_word' id='word_1_33' title='bbox 904 834 972 902; x_wconf 85' lang='lat' dir='ltr'><strong>aliis</strong></span> <span class='ocrx_word' id='word_1_34' title='bbox 988 835 1119 904; x_wconf 82' lang='lat' dir='ltr'><strong>ferenda</strong></span> <span class='ocrx_word' id='word_1_35' title='bbox 1200 892 1206 907; x_wconf 34' lang='lat' dir='ltr'><strong>a</strong></span> 
     </span>
    </p>
   </div>
   <div class='ocr_carea' id='block_1_4' title="bbox 94 921 1122 1028">
    <p class='ocr_par' dir='ltr' id='par_1_4' title="bbox 25 921 1122 1028">
     <span class='ocr_line' id='line_1_6' title="bbox 94 921 1122 1028; baseline 0.007 -26.497"><span class='ocrx_word' id='word_1_36' title='bbox 94 935 259 1004; x_wconf 81' lang='lat' dir='ltr'><strong>licentiam</strong></span> <span class='ocrx_word' id='word_1_37' title='bbox 276 938 409 1028; x_wconf 84' lang='lat' dir='ltr'><strong>accepit.</strong></span> <span class='ocrx_word' id='word_1_38' title='bbox 437 937 511 1018; x_wconf 87' lang='lat' dir='ltr'><strong>Quo</strong></span> <span class='ocrx_word' id='word_1_39' title='bbox 532 950 604 1028; x_wconf 89' lang='lat' dir='ltr'><strong>post</strong></span> <span class='ocrx_word' id='word_1_40' title='bbox 626 921 714 1028; x_wconf 86' lang='lat' dir='ltr'><strong>illud¹</strong></span> <span class='ocrx_word' id='word_1_41' title='bbox 728 937 899 1006; x_wconf 90' lang='lat' dir='ltr'><strong>concilium</strong></span> <span class='ocrx_word' id='word_1_42' title='bbox 923 965 1006 1009; x_wconf 86' lang='lat' dir='ltr'><strong>anuo</strong></span> <span class='ocrx_word' id='word_1_43' title='bbox 1025 943 1122 1011; x_wconf 86' lang='lat' dir='ltr'><strong>suerit</strong></span> 
     </span>
    </p>
   </div>
   <div class='ocr_carea' id='block_1_5' title="bbox 10 1040 846 1126">
    <p class='ocr_par' dir='ltr' id='par_1_5' title="bbox 10 1040 846 1126">
     <span class='ocr_line' id='line_1_7' title="bbox 10 1040 846 1126; baseline 0.002 -20"><span class='ocrx_word' id='word_1_44' title='bbox 10 1063 11 1094; x_wconf 65' lang='lat'><strong>÷</strong></span> <span class='ocrx_word' id='word_1_45' title='bbox 28 1070 31 1078; x_wconf 91' lang='lat'>·</span> <span class='ocrx_word' id='word_1_46' title='bbox 97 1040 273 1120; x_wconf 81' lang='lat' dir='ltr'><strong>defunctus</strong></span> <span class='ocrx_word' id='word_1_47' title='bbox 284 1063 350 1108; x_wconf 91' lang='lat' dir='ltr'><strong>non</strong></span> <span class='ocrx_word' id='word_1_48' title='bbox 365 1041 439 1108; x_wconf 85' lang='lat' dir='ltr'><strong>satis</strong></span> <span class='ocrx_word' id='word_1_49' title='bbox 454 1040 539 1107; x_wconf 89' lang='lat' dir='ltr'><strong>inter</strong></span> <span class='ocrx_word' id='word_1_50' title='bbox 553 1041 695 1108; x_wconf 86' lang='lat' dir='ltr'><strong>eruditos</strong></span> <span class='ocrx_word' id='word_1_51' title='bbox 711 1055 846 1126; x_wconf 80' lang='lat' dir='ltr'><strong>constat.</strong></span> 
     </span>
    </p>
   </div>
   <div class='ocr_carea' id='block_1_6' title="bbox 21 1133 1184 1236">
    <p class='ocr_par' dir='ltr' id='par_1_6' title="bbox 21 1133 1184 1236">
     <span class='ocr_line' id='line_1_8' title="bbox 21 1133 1184 1236; baseline 0.013 -34"><span class='ocrx_word' id='word_1_52' title='bbox 21 1164 31 1204; x_wconf 73' lang='lat' dir='ltr'><strong>s.</strong></span> <span class='ocrx_word' id='word_1_53' title='bbox 58 1179 60 1184; x_wconf 94' lang='lat'>·</span> <span class='ocrx_word' id='word_1_54' title='bbox 144 1145 362 1236; x_wconf 77' lang='lat' dir='ltr'><strong>Quadraginta</strong></span> <span class='ocrx_word' id='word_1_55' title='bbox 377 1143 516 1212; x_wconf 83' lang='lat' dir='ltr'><strong>homiliae</strong></span> <span class='ocrx_word' id='word_1_56' title='bbox 532 1145 590 1212; x_wconf 88' lang='lat' dir='ltr'><strong>sub</strong></span> <span class='ocrx_word' id='word_1_57' title='bbox 607 1146 676 1234; x_wconf 87' lang='lat' dir='ltr'><strong>ejus</strong></span> <span class='ocrx_word' id='word_1_58' title='bbox 692 1148 823 1214; x_wconf 89' lang='lat' dir='ltr'><strong>nomino</strong></span> <span class='ocrx_word' id='word_1_59' title='bbox 835 1133 1115 1216; x_wconf 82' lang='lat' dir='ltr'><strong>circumferuntur.</strong></span> <span class='ocrx_word' id='word_1_60' title='bbox 1178 1221 1184 1230; x_wconf 60' lang='grc'><em>,</em></span> 
     </span>
    </p>
   </div>
   <div class='ocr_carea' id='block_1_7' title="bbox 10 1242 1122 1342">
    <p class='ocr_par' dir='ltr' id='par_1_7' title="bbox 10 1242 1122 1342">
     <span class='ocr_line' id='line_1_9' title="bbox 10 1242 1122 1342; baseline 0.008 -28"><span class='ocrx_word' id='word_1_61' title='bbox 10 1270 32 1307; x_wconf 65' lang='lat' dir='ltr'><strong>‘t</strong></span> <span class='ocrx_word' id='word_1_62' title='bbox 99 1242 1122 1342; x_wconf 59' lang='lat' dir='ltr'><strong>QuindecimtantirmlegcretPhotius3ali‘asautemeidemuuc³</strong></span> 
     </span>
    </p>
   </div>
   <div class='ocr_carea' id='block_1_8' title="bbox 21 1339 1197 1564">
    <p class='ocr_par' dir='ltr' id='par_1_8' title="bbox 21 1339 1197 1564">
     <span class='ocr_line' id='line_1_10' title="bbox 21 1339 1121 1446; baseline 0.005 -22"><span class='ocrx_word' id='word_1_63' title='bbox 21 1355 24 1365; x_wconf 85' lang='grc'><strong>’</strong></span> <span class='ocrx_word' id='word_1_64' title='bbox 96 1359 160 1424; x_wconf 86' lang='lat' dir='ltr'><strong>tori</strong></span> <span class='ocrx_word' id='word_1_65' title='bbox 171 1339 239 1426; x_wconf 74' lang='lat' dir='ltr'><strong>essa</strong></span> <span class='ocrx_word' id='word_1_66' title='bbox 252 1359 436 1428; x_wconf 85' lang='lat' dir='ltr'><strong>tribuendas</strong></span> <span class='ocrx_word' id='word_1_67' title='bbox 447 1355 564 1446; x_wconf 88' lang='lat' dir='ltr'><strong>eloquii</strong></span> <span class='ocrx_word' id='word_1_68' title='bbox 576 1357 784 1424; x_wconf 88' lang='lat' dir='ltr'><strong>similitudine</strong></span> <span class='ocrx_word' id='word_1_69' title='bbox 796 1359 1046 1446; x_wconf 25' lang='lat' dir='ltr'><strong>demonstratur..</strong></span> <span class='ocrx_word' id='word_1_70' title='bbox 1063 1365 1121 1432; x_wconf 82' lang='lat' dir='ltr'><strong>«ln</strong></span> 
     </span>
     <span class='ocr_line' id='line_1_11' title="bbox 26 1465 1197 1564; baseline 0.003 -34"><span class='ocrx_word' id='word_1_71' title='bbox 26 1499 31 1507; x_wconf 95' lang='lat'>·</span> <span class='ocrx_word' id='word_1_72' title='bbox 99 1485 113 1530; x_wconf 77' lang='lat' dir='ltr'><strong>s</strong></span> <span class='ocrx_word' id='word_1_73' title='bbox 143 1467 260 1556; x_wconf 83' lang='lat' dir='ltr'><strong>quihus</strong></span> <span class='ocrx_word' id='word_1_74' title='bbox 275 1466 402 1564; x_wconf 81' lang='lat' dir='ltr'><strong>quidem</strong></span> <span class='ocrx_word' id='word_1_75' title='bbox 419 1465 636 1542; x_wconf 86' lang='lat' dir='ltr'><strong>orationibus,</strong></span> <span class='ocrx_word' id='word_1_76' title='bbox 651 1477 686 1532; x_wconf 90' lang='lat' dir='ltr'><strong>ut</strong></span> <span class='ocrx_word' id='word_1_77' title='bbox 702 1465 808 1532; x_wconf 82' lang='lat' dir='ltr'><strong>Photii</strong></span> <span class='ocrx_word' id='word_1_78' title='bbox 822 1467 943 1562; x_wconf 85' lang='lat' dir='ltr'><strong>judicio</strong></span> <span class='ocrx_word' id='word_1_79' title='bbox 958 1483 1042 1560; x_wconf 84' lang='lat' dir='ltr'><strong>utar,</strong></span> <span class='ocrx_word' id='word_1_80' title='bbox 1059 1472 1123 1539; x_wconf 92' lang='lat' dir='ltr'><strong>hoc</strong></span> <span class='ocrx_word' id='word_1_81' title='bbox 1167 1540 1170 1545; x_wconf 68' lang='grc'><strong>,</strong></span> <span class='ocrx_word' id='word_1_82' title='bbox 1188 1523 1197 1534; x_wconf 91' lang='grc'>.</span> 
     </span>
    </p>
   </div>
   <div class='ocr_carea' id='block_1_9' title="bbox 10 1563 1123 1665">
    <p class='ocr_par' dir='ltr' id='par_1_9' title="bbox 10 1563 1123 1665">
     <span class='ocr_line' id='line_1_12' title="bbox 10 1563 1123 1665; baseline 0.008 -32"><span class='ocrx_word' id='word_1_83' title='bbox 10 1571 30 1614; x_wconf 64' lang='lat'><strong>&#39;·</strong></span> <span class='ocrx_word' id='word_1_84' title='bbox 98 1599 111 1634; x_wconf 74' lang='lat' dir='ltr'><strong>r</strong></span> <span class='ocrx_word' id='word_1_85' title='bbox 143 1563 314 1638; x_wconf 83' lang='lat' dir='ltr'><strong>observare</strong></span> <span class='ocrx_word' id='word_1_86' title='bbox 334 1567 427 1646; x_wconf 89' lang='lat' dir='ltr'><strong>licet,</strong></span> <span class='ocrx_word' id='word_1_87' title='bbox 451 1577 602 1660; x_wconf 79' lang='lat' dir='ltr'><strong>magnum</strong></span> <span class='ocrx_word' id='word_1_88' title='bbox 628 1593 704 1636; x_wconf 92' lang='lat' dir='ltr'><strong>eum</strong></span> <span class='ocrx_word' id='word_1_89' title='bbox 727 1593 814 1650; x_wconf 84' lang='lat' dir='ltr'><strong>esse,</strong></span> <span class='ocrx_word' id='word_1_90' title='bbox 838 1573 956 1661; x_wconf 87' lang='lat' dir='ltr'><strong>siquis</strong></span> <span class='ocrx_word' id='word_1_91' title='bbox 981 1583 1123 1665; x_wconf 76' lang='lat' dir='ltr'><strong>unquam</strong></span> 
     </span>
    </p>
   </div>
   <div class='ocr_carea' id='block_1_10' title="bbox 98 1673 1123 1771">
    <p class='ocr_par' dir='ltr' id='par_1_10' title="bbox 98 1673 1123 1771">
     <span class='ocr_line' id='line_1_13' title="bbox 98 1673 1123 1771; baseline 0.008 -31"><span class='ocrx_word' id='word_1_92' title='bbox 98 1704 111 1740; x_wconf 69' lang='lat' dir='ltr'>a</span> <span class='ocrx_word' id='word_1_93' title='bbox 143 1674 224 1744; x_wconf 84' lang='lat' dir='ltr'><strong>alius</strong></span> <span class='ocrx_word' id='word_1_94' title='bbox 237 1676 317 1754; x_wconf 84' lang='lat' dir='ltr'><strong>luit,</strong></span> <span class='ocrx_word' id='word_1_95' title='bbox 331 1676 473 1766; x_wconf 73' lang='lat' dir='ltr'><strong>figuratae</strong></span> <span class='ocrx_word' id='word_1_96' title='bbox 497 1687 593 1764; x_wconf 84' lang='lat' dir='ltr'><strong>atque</strong></span> <span class='ocrx_word' id='word_1_97' title='bbox 607 1675 745 1741; x_wconf 79' lang='lat' dir='ltr'><strong>incitatae</strong></span> <span class='ocrx_word' id='word_1_98' title='bbox 764 1677 915 1748; x_wconf 85' lang='lat' dir='ltr'><strong>orationis</strong></span> <span class='ocrx_word' id='word_1_99' title='bbox 934 1673 1123 1771; x_wconf 88' lang='lat' dir='ltr'><strong>pariumque</strong></span> 
     </span>
    </p>
   </div>
   <div class='ocr_carea' id='block_1_11' title="bbox 10 1779 1196 1988">
    <p class='ocr_par' dir='ltr' id='par_1_11' title="bbox 10 1779 1196 1988">
     <span class='ocr_line' id='line_1_14' title="bbox 16 1779 1121 1872; baseline 0.008 -26"><span class='ocrx_word' id='word_1_100' title='bbox 16 1808 28 1847; x_wconf 72' lang='lat' dir='ltr'><strong>a</strong></span> <span class='ocrx_word' id='word_1_101' title='bbox 62 1782 70 1794; x_wconf 78' lang='lat'><em>&#39;</em></span> <span class='ocrx_word' id='word_1_102' title='bbox 98 1813 111 1846; x_wconf 74' lang='lat' dir='ltr'><strong>r</strong></span> <span class='ocrx_word' id='word_1_103' title='bbox 143 1781 592 1872; x_wconf 69' lang='lat' dir='ltr'><strong>artificemaperspicuitatem</strong></span> <span class='ocrx_word' id='word_1_104' title='bbox 603 1779 811 1849; x_wconf 83' lang='lat' dir='ltr'><strong>nihilominus</strong></span> <span class='ocrx_word' id='word_1_105' title='bbox 824 1805 862 1850; x_wconf 85' lang='lat' dir='ltr'><strong>nc</strong></span> <span class='ocrx_word' id='word_1_106' title='bbox 874 1787 1061 1854; x_wconf 86' lang='lat' dir='ltr'><strong>suavitatem</strong></span> <span class='ocrx_word' id='word_1_107' title='bbox 1073 1813 1121 1854; x_wconf 90' lang='lat' dir='ltr'><strong>re-</strong></span> 
     </span>
     <span class='ocr_line' id='line_1_15' title="bbox 10 1878 1196 1988; baseline 0.007 -37"><span class='ocrx_word' id='word_1_108' title='bbox 10 1893 13 1906; x_wconf 84' lang='lat'><em>&#39;</em></span> <span class='ocrx_word' id='word_1_109' title='bbox 100 1918 113 1952; x_wconf 73' lang='lat' dir='ltr'><strong>a</strong></span> <span class='ocrx_word' id='word_1_110' title='bbox 145 1888 237 1980; x_wconf 84' lang='lat' dir='ltr'><strong>tinet.</strong></span> <span class='ocrx_word' id='word_1_111' title='bbox 254 1888 377 1956; x_wconf 80' lang='lat' dir='ltr'><strong>Verum</strong></span> <span class='ocrx_word' id='word_1_112' title='bbox 393 1886 466 1976; x_wconf 87' lang='lat' dir='ltr'><strong>quia</strong></span> <span class='ocrx_word' id='word_1_113' title='bbox 482 1885 599 1988; x_wconf 81' lang='lat' dir='ltr'><strong>nimius</strong></span> <span class='ocrx_word' id='word_1_114' title='bbox 613 1885 647 1952; x_wconf 91' lang='lat' dir='ltr'><strong>in</strong></span> <span class='ocrx_word' id='word_1_115' title='bbox 664 1885 762 1975; x_wconf 84' lang='lat' dir='ltr'><strong>tropis</strong></span> <span class='ocrx_word' id='word_1_116' title='bbox 774 1898 806 1952; x_wconf 90' lang='lat' dir='ltr'><strong>et</strong></span> <span class='ocrx_word' id='word_1_117' title='bbox 821 1878 991 1956; x_wconf 80' lang='lat' dir='ltr'><strong>schemalis</strong></span> <span class='ocrx_word' id='word_1_118' title='bbox 1006 1893 1123 1968; x_wconf 85' lang='lat' dir='ltr'><strong>incita-</strong></span> <span class='ocrx_word' id='word_1_119' title='bbox 1194 1971 1196 1978; x_wconf 18' lang='lat' dir='ltr'>y</span> 
     </span>
    </p>
   </div>
   <div class='ocr_carea' id='block_1_12' title="bbox 100 1990 1124 2090">
    <p class='ocr_par' dir='ltr' id='par_1_12' title="bbox 100 1990 1124 2090">
     <span class='ocr_line' id='line_1_16' title="bbox 100 1990 1124 2090; baseline 0.006 -32"><span class='ocrx_word' id='word_1_120' title='bbox 100 2024 114 2058; x_wconf 75' lang='lat' dir='ltr'><strong>r</strong></span> <span class='ocrx_word' id='word_1_121' title='bbox 144 1995 203 2072; x_wconf 61' lang='lat' dir='ltr'><strong>tis5</strong></span> <span class='ocrx_word' id='word_1_122' title='bbox 221 1994 398 2060; x_wconf 84' lang='lat' dir='ltr'><strong>satietatem</strong></span> <span class='ocrx_word' id='word_1_123' title='bbox 418 1991 523 2090; x_wconf 88' lang='lat' dir='ltr'><strong>parit,</strong></span> <span class='ocrx_word' id='word_1_124' title='bbox 539 1990 603 2056; x_wconf 78' lang='lat' dir='ltr'><strong>sire</strong></span> <span class='ocrx_word' id='word_1_125' title='bbox 624 1991 731 2080; x_wconf 81' lang='lat' dir='ltr'><strong>potius</strong></span> <span class='ocrx_word' id='word_1_126' title='bbox 750 1991 824 2082; x_wconf 90' lang='lat' dir='ltr'><strong>quia</strong></span> <span class='ocrx_word' id='word_1_127' title='bbox 839 2005 906 2072; x_wconf 86' lang='lat' dir='ltr'><strong>tam</strong></span> <span class='ocrx_word' id='word_1_128' title='bbox 921 1995 1065 2064; x_wconf 85' lang='lat' dir='ltr'><strong>assiduus</strong></span> <span class='ocrx_word' id='word_1_129' title='bbox 1090 1997 1124 2064; x_wconf 92' lang='lat' dir='ltr'><strong>in</strong></span> 
     </span>
    </p>
   </div>
   <div class='ocr_carea' id='block_1_13' title="bbox 18 2097 1124 2304">
    <p class='ocr_par' dir='ltr' id='par_1_13' title="bbox 18 2097 1124 2304">
     <span class='ocr_line' id='line_1_17' title="bbox 18 2097 1124 2193; baseline 0.005 -26"><span class='ocrx_word' id='word_1_130' title='bbox 18 2105 21 2117; x_wconf 95' lang='lat'>&#39;</span> <span class='ocrx_word' id='word_1_131' title='bbox 99 2132 114 2166; x_wconf 71' lang='lat' dir='ltr'><strong>s</strong></span> <span class='ocrx_word' id='word_1_132' title='bbox 146 2101 196 2168; x_wconf 83' lang='lat' dir='ltr'><strong>lris</strong></span> <span class='ocrx_word' id='word_1_133' title='bbox 211 2113 258 2168; x_wconf 89' lang='lat' dir='ltr'><strong>est</strong></span> <span class='ocrx_word' id='word_1_134' title='bbox 273 2125 311 2168; x_wconf 81' lang='lat' dir='ltr'><strong>ac</strong></span> <span class='ocrx_word' id='word_1_135' title='bbox 326 2113 424 2177; x_wconf 88' lang='lat' dir='ltr'><strong>totus,</strong></span> <span class='ocrx_word' id='word_1_136' title='bbox 443 2097 522 2177; x_wconf 92' lang='lat' dir='ltr'><strong>nihil</strong></span> <span class='ocrx_word' id='word_1_137' title='bbox 539 2109 573 2164; x_wconf 87' lang='lat' dir='ltr'><strong>ut</strong></span> <span class='ocrx_word' id='word_1_138' title='bbox 588 2097 675 2193; x_wconf 88' lang='lat' dir='ltr'><strong>aliud</strong></span> <span class='ocrx_word' id='word_1_139' title='bbox 687 2099 754 2166; x_wconf 72' lang='lat' dir='ltr'><strong>sine</strong></span> <span class='ocrx_word' id='word_1_140' title='bbox 770 2099 867 2166; x_wconf 89' lang='lat' dir='ltr'><strong>modo</strong></span> <span class='ocrx_word' id='word_1_141' title='bbox 882 2117 1051 2183; x_wconf 87' lang='lat' dir='ltr'><strong>occurrat,</strong></span> <span class='ocrx_word' id='word_1_142' title='bbox 1065 2129 1124 2174; x_wconf 84' lang='lat' dir='ltr'><strong>au-</strong></span> 
     </span>
     <span class='ocr_line' id='line_1_18' title="bbox 78 2204 1124 2304; baseline 0.008 -32"><span class='ocrx_word' id='word_1_143' title='bbox 78 2236 115 2272; x_wconf 66' lang='grc' dir='ltr'><strong>κ»</strong></span> <span class='ocrx_word' id='word_1_144' title='bbox 145 2208 241 2275; x_wconf 83' lang='lat' dir='ltr'><strong>ditori</strong></span> <span class='ocrx_word' id='word_1_145' title='bbox 255 2208 417 2276; x_wconf 84' lang='lat' dir='ltr'><strong>fastidium</strong></span> <span class='ocrx_word' id='word_1_146' title='bbox 430 2220 462 2304; x_wconf 79' lang='lat' dir='ltr'><strong>et</strong></span> <span class='ocrx_word' id='word_1_147' title='bbox 477 2204 692 2274; x_wconf 82' lang='lat' dir='ltr'><strong>calumniandi</strong></span> <span class='ocrx_word' id='word_1_148' title='bbox 702 2231 812 2274; x_wconf 85' lang='lat' dir='ltr'><strong>ansam</strong></span> <span class='ocrx_word' id='word_1_149' title='bbox 823 2210 963 2299; x_wconf 75' lang='lat' dir='ltr'><strong>praebet,</strong></span> <span class='ocrx_word' id='word_1_150' title='bbox 977 2225 1071 2302; x_wconf 82' lang='lat' dir='ltr'><strong>atque</strong></span> <span class='ocrx_word' id='word_1_151' title='bbox 1083 2214 1124 2280; x_wconf 87' lang='lat' dir='ltr'><strong>ad</strong></span> 
     </span>
    </p>
   </div>
   <div class='ocr_carea' id='block_1_14' title="bbox 95 2313 1125 2722">
    <p class='ocr_par' dir='ltr' id='par_1_14' title="bbox 95 2313 1125 2722">
     <span class='ocr_line' id='line_1_19' title="bbox 101 2313 1125 2409; baseline 0.008 -31"><span class='ocrx_word' id='word_1_152' title='bbox 101 2344 114 2378; x_wconf 74' lang='lat' dir='ltr'><strong>r</strong></span> <span class='ocrx_word' id='word_1_153' title='bbox 144 2315 307 2405; x_wconf 85' lang='lat' dir='ltr'><strong>scriptoris</strong></span> <span class='ocrx_word' id='word_1_154' title='bbox 322 2315 419 2404; x_wconf 91' lang='lat' dir='ltr'><strong>ipsius</strong></span> <span class='ocrx_word' id='word_1_155' title='bbox 431 2314 698 2404; x_wconf 80' lang='lat' dir='ltr'><strong>vituperationem</strong></span> <span class='ocrx_word' id='word_1_156' title='bbox 708 2313 839 2391; x_wconf 86' lang='lat' dir='ltr'><strong>incitat,</strong></span> <span class='ocrx_word' id='word_1_157' title='bbox 853 2319 942 2404; x_wconf 86' lang='lat' dir='ltr'><strong>quasi</strong></span> <span class='ocrx_word' id='word_1_158' title='bbox 954 2342 1058 2409; x_wconf 85' lang='lat' dir='ltr'><strong>neque</strong></span> <span class='ocrx_word' id='word_1_159' title='bbox 1069 2343 1125 2386; x_wconf 85' lang='lat' dir='ltr'><strong>na·</strong></span> 
     </span>
     <span class='ocr_line' id='line_1_20' title="bbox 100 2419 1124 2513; baseline 0.003 -25"><span class='ocrx_word' id='word_1_160' title='bbox 100 2453 114 2488; x_wconf 72' lang='lat' dir='ltr'><strong>s</strong></span> <span class='ocrx_word' id='word_1_161' title='bbox 141 2437 247 2490; x_wconf 85' lang='lat' dir='ltr'><strong>turam</strong></span> <span class='ocrx_word' id='word_1_162' title='bbox 263 2435 330 2490; x_wconf 86' lang='lat' dir='ltr'><strong>nrt&#39;e</strong></span> <span class='ocrx_word' id='word_1_163' title='bbox 349 2421 531 2513; x_wconf 85' lang='lat' dir='ltr'><strong>moderari,</strong></span> <span class='ocrx_word' id='word_1_164' title='bbox 547 2444 652 2510; x_wconf 80' lang='lat' dir='ltr'><strong>neque</strong></span> <span class='ocrx_word' id='word_1_165' title='bbox 667 2420 775 2509; x_wconf 69' lang='lat' dir='ltr'><strong>reguli</strong></span> <span class='ocrx_word' id='word_1_166' title='bbox 791 2419 886 2509; x_wconf 82' lang='lat' dir='ltr'><strong>&#39;quod</strong></span> <span class='ocrx_word' id='word_1_167' title='bbox 905 2423 1124 2492; x_wconf 87' lang='lat' dir='ltr'><strong>inordinatum</strong></span> 
     </span>
     <span class='ocr_line' id='line_1_21' title="bbox 100 2524 1124 2616; baseline 0.002 -25"><span class='ocrx_word' id='word_1_168' title='bbox 100 2557 113 2591; x_wconf 71' lang='lat' dir='ltr'><strong>r</strong></span> <span class='ocrx_word' id='word_1_169' title='bbox 143 2540 212 2596; x_wconf 87' lang='lat' dir='ltr'><strong>erat</strong></span> <span class='ocrx_word' id='word_1_170' title='bbox 228 2527 372 2616; x_wconf 79' lang='lat' dir='ltr'><strong>digerere</strong></span> <span class='ocrx_word' id='word_1_171' title='bbox 380 2526 497 2616; x_wconf 88' lang='lat' dir='ltr'><strong>possit.</strong></span> <span class='ocrx_word' id='word_1_172' title='bbox 516 2524 584 2589; x_wconf 87' lang='lat' dir='ltr'><strong>Etsi</strong></span> <span class='ocrx_word' id='word_1_173' title='bbox 600 2535 707 2590; x_wconf 86' lang='lat' dir='ltr'><strong>autem</strong></span> <span class='ocrx_word' id='word_1_174' title='bbox 719 2525 819 2614; x_wconf 85' lang='lat' dir='ltr'><strong>tropis</strong></span> <span class='ocrx_word' id='word_1_175' title='bbox 834 2525 897 2590; x_wconf 90' lang='lat' dir='ltr'><strong>hoc</strong></span> <span class='ocrx_word' id='word_1_176' title='bbox 913 2526 1009 2597; x_wconf 89' lang='lat' dir='ltr'><strong>modo</strong></span> <span class='ocrx_word' id='word_1_177' title='bbox 1024 2528 1124 2596; x_wconf 49' lang='lat' dir='ltr'><strong>abnue</strong></span> 
     </span>
     <span class='ocr_line' id='line_1_22' title="bbox 95 2617 1124 2722; baseline -0.001 -22"><span class='ocrx_word' id='word_1_178' title='bbox 95 2661 110 2700; x_wconf 78' lang='lat' dir='ltr'><strong>r</strong></span> <span class='ocrx_word' id='word_1_179' title='bbox 140 2631 215 2722; x_wconf 70' lang='lat' dir='ltr'><strong>det,</strong></span> <span class='ocrx_word' id='word_1_180' title='bbox 232 2631 400 2719; x_wconf 88' lang='lat' dir='ltr'><strong>ipsumque</strong></span> <span class='ocrx_word' id='word_1_181' title='bbox 415 2629 496 2696; x_wconf 76' lang='lat' dir='ltr'><strong>adet</strong></span> <span class='ocrx_word' id='word_1_182' title='bbox 512 2625 748 2718; x_wconf 80' lang='lat' dir='ltr'><strong>tropologicum</strong></span> <span class='ocrx_word' id='word_1_183' title='bbox 763 2629 890 2722; x_wconf 89' lang='lat' dir='ltr'><strong>dicendi</strong></span> <span class='ocrx_word' id='word_1_184' title='bbox 912 2653 1012 2720; x_wconf 86' lang='lat' dir='ltr'><strong>genus</strong></span> <span class='ocrx_word' id='word_1_185' title='bbox 1027 2617 1124 2699; x_wconf 87' lang='lat' dir='ltr'><strong>fontis</strong></span> 
     </span>
    </p>
   </div>
   <div class='ocr_carea' id='block_1_15' title="bbox 10 2727 1133 2928">
    <p class='ocr_par' dir='ltr' id='par_1_15' title="bbox 10 2727 1133 2928">
     <span class='ocr_line' id='line_1_23' title="bbox 10 2727 1133 2827; baseline 0 -25"><span class='ocrx_word' id='word_1_186' title='bbox 10 2729 11 2736; x_wconf 32' lang='lat'>³</span> <span class='ocrx_word' id='word_1_187' title='bbox 97 2767 111 2802; x_wconf 84' lang='lat'><strong>»</strong></span> <span class='ocrx_word' id='word_1_188' title='bbox 142 2739 176 2804; x_wconf 92' lang='lat' dir='ltr'><strong>in</strong></span> <span class='ocrx_word' id='word_1_189' title='bbox 191 2759 315 2804; x_wconf 89' lang='lat' dir='ltr'><strong>morem</strong></span> <span class='ocrx_word' id='word_1_190' title='bbox 335 2731 499 2810; x_wconf 77' lang='lat' dir='ltr'><strong>effundat,</strong></span> <span class='ocrx_word' id='word_1_191' title='bbox 516 2739 682 2822; x_wconf 74' lang='lat' dir='ltr'><strong>nunquam</strong></span> <span class='ocrx_word' id='word_1_192' title='bbox 702 2745 812 2802; x_wconf 83' lang='lat' dir='ltr'><strong>tamen</strong></span> <span class='ocrx_word' id='word_1_193' title='bbox 828 2735 900 2808; x_wconf 79' lang='lat' dir='ltr'><strong>iden</strong></span> <span class='ocrx_word' id='word_1_194' title='bbox 913 2734 965 2802; x_wconf 87' lang='lat' dir='ltr'><strong>vel</strong></span> <span class='ocrx_word' id='word_1_195' title='bbox 987 2737 1019 2802; x_wconf 92' lang='lat' dir='ltr'><strong>in</strong></span> <span class='ocrx_word' id='word_1_196' title='bbox 1035 2727 1133 2827; x_wconf 59' lang='lat' dir='ltr'><strong>frigi?</strong></span> 
     </span>
     <span class='ocr_line' id='line_1_24' title="bbox 18 2837 1124 2928; baseline 0.004 -22"><span class='ocrx_word' id='word_1_197' title='bbox 18 2848 22 2856; x_wconf 91' lang='lat'>&#39;</span> <span class='ocrx_word' id='word_1_198' title='bbox 78 2842 82 2852; x_wconf 91' lang='lat'>&#39;</span> <span class='ocrx_word' id='word_1_199' title='bbox 99 2873 112 2906; x_wconf 72' lang='lat' dir='ltr'><strong>s</strong></span> <span class='ocrx_word' id='word_1_200' title='bbox 143 2843 220 2910; x_wconf 92' lang='lat' dir='ltr'><strong>dum</strong></span> <span class='ocrx_word' id='word_1_201' title='bbox 236 2855 437 2918; x_wconf 83' lang='lat' dir='ltr'><strong>sermonem,</strong></span> <span class='ocrx_word' id='word_1_202' title='bbox 454 2840 514 2906; x_wconf 91' lang='lat' dir='ltr'><strong>nisi</strong></span> <span class='ocrx_word' id='word_1_203' title='bbox 526 2837 851 2928; x_wconf 21' lang='lat' dir='ltr'><strong>perraroldclabitur,</strong></span> <span class='ocrx_word' id='word_1_204' title='bbox 864 2839 913 2908; x_wconf 80' lang='lat' dir='ltr'><strong>rol</strong></span> <span class='ocrx_word' id='word_1_205' title='bbox 929 2842 1124 2910; x_wconf 85' lang='lat' dir='ltr'><strong>obscuritate</strong></span> 
     </span>
    </p>
   </div>
   <div class='ocr_carea' id='block_1_16' title="bbox 10 3829 20 3892">
    <p class='ocr_par' dir='ltr' id='par_1_16' title="bbox 10 3829 20 3892">
     <span class='ocr_line' id='line_1_25' title="bbox 10 3829 20 3892; baseline -0.6 1"><span class='ocrx_word' id='word_1_206' title='bbox 10 3829 20 3892; x_wconf 81' lang='lat' dir='ltr'><strong>is</strong></span> 
     </span>
    </p>
   </div>
   <div class='ocr_carea' id='block_1_17' title="bbox 96 2931 1210 3564">
    <p class='ocr_par' dir='ltr' id='par_1_17' title="bbox 96 2931 1210 3564">
     <span class='ocr_line' id='line_1_26' title="bbox 96 2931 1193 3039; baseline 0.005 -29"><span class='ocrx_word' id='word_1_207' title='bbox 96 2977 109 3010; x_wconf 72' lang='lat' dir='ltr'><strong>r</strong></span> <span class='ocrx_word' id='word_1_208' title='bbox 138 2931 249 3039; x_wconf 29' lang='lat' dir='ltr'><strong>‘alique</strong></span> <span class='ocrx_word' id='word_1_209' title='bbox 272 2969 401 3036; x_wconf 86' lang='lat' dir='ltr'><strong>sensum</strong></span> <span class='ocrx_word' id='word_1_210' title='bbox 416 2944 613 3010; x_wconf 73' lang='lat' dir='ltr'><strong>obumbrata</strong></span> <span class='ocrx_word' id='word_1_211' title='bbox 633 2943 690 3008; x_wconf 89' lang='lat' dir='ltr'><strong>sed</strong></span> <span class='ocrx_word' id='word_1_212' title='bbox 704 2943 730 3008; x_wconf 91' lang='lat' dir='ltr'><strong>si</strong></span> <span class='ocrx_word' id='word_1_213' title='bbox 751 2943 828 3032; x_wconf 91' lang='lat' dir='ltr'><strong>quid</strong></span> <span class='ocrx_word' id='word_1_214' title='bbox 849 2944 890 3010; x_wconf 92' lang='lat' dir='ltr'><strong>ob</strong></span> <span class='ocrx_word' id='word_1_215' title='bbox 913 2933 1124 3037; x_wconf 72' lang='lat' dir='ltr'><strong>tropologiam</strong></span> <span class='ocrx_word' id='word_1_216' title='bbox 1190 2931 1193 2944; x_wconf 48' lang='lat'>⁸</span> 
     </span>
     <span class='ocr_line' id='line_1_27' title="bbox 98 3046 1158 3146; baseline 0.002 -30"><span class='ocrx_word' id='word_1_217' title='bbox 98 3082 111 3116; x_wconf 73' lang='lat' dir='ltr'><strong>r</strong></span> <span class='ocrx_word' id='word_1_218' title='bbox 142 3047 276 3140; x_wconf 80' lang='lat' dir='ltr'><strong>intelligi</strong></span> <span class='ocrx_word' id='word_1_219' title='bbox 300 3050 406 3116; x_wconf 79' lang='lat' dir='ltr'><strong>minus</strong></span> <span class='ocrx_word' id='word_1_220' title='bbox 430 3046 600 3114; x_wconf 80' lang='lat' dir='ltr'><strong>commode</strong></span> <span class='ocrx_word' id='word_1_221' title='bbox 621 3057 771 3136; x_wconf 86' lang='lat' dir='ltr'><strong>poterat,</strong></span> <span class='ocrx_word' id='word_1_222' title='bbox 795 3047 828 3114; x_wconf 91' lang='lat' dir='ltr'><strong>id</strong></span> <span class='ocrx_word' id='word_1_223' title='bbox 848 3055 923 3116; x_wconf 82' lang='lat' dir='ltr'><strong>cum</strong></span> <span class='ocrx_word' id='word_1_224' title='bbox 946 3050 1123 3146; x_wconf 77' lang='lat' dir='ltr'><strong>accelerata</strong></span> <span class='ocrx_word' id='word_1_225' title='bbox 1156 3091 1158 3096; x_wconf 94' lang='lat'>·</span> 
     </span>
     <span class='ocr_line' id='line_1_28' title="bbox 96 3154 1123 3250; baseline 0.003 -27"><span class='ocrx_word' id='word_1_226' title='bbox 96 3189 109 3223; x_wconf 69' lang='lat' dir='ltr'><strong>r</strong></span> <span class='ocrx_word' id='word_1_227' title='bbox 141 3159 287 3226; x_wconf 84' lang='lat' dir='ltr'><strong>membra</strong></span> <span class='ocrx_word' id='word_1_228' title='bbox 303 3169 400 3244; x_wconf 84' lang='lat' dir='ltr'><strong>alque</strong></span> <span class='ocrx_word' id='word_1_229' title='bbox 415 3155 535 3246; x_wconf 88' lang='lat' dir='ltr'><strong>periodi</strong></span> <span class='ocrx_word' id='word_1_230' title='bbox 546 3156 641 3246; x_wconf 66' lang='lat' dir='ltr'><strong>,tum</strong></span> <span class='ocrx_word' id='word_1_231' title='bbox 653 3154 829 3222; x_wconf 86' lang='lat' dir='ltr'><strong>dictionum</strong></span> <span class='ocrx_word' id='word_1_232' title='bbox 843 3157 985 3246; x_wconf 89' lang='lat' dir='ltr'><strong>ipsarum</strong></span> <span class='ocrx_word' id='word_1_233' title='bbox 1001 3160 1123 3250; x_wconf 82' lang='lat' dir='ltr'><strong>signifi-</strong></span> 
     </span>
     <span class='ocr_line' id='line_1_29' title="bbox 98 3257 1122 3353; baseline 0.003 -26"><span class='ocrx_word' id='word_1_234' title='bbox 98 3292 111 3327; x_wconf 78' lang='grc'><strong>»</strong></span> <span class='ocrx_word' id='word_1_235' title='bbox 142 3262 248 3330; x_wconf 84' lang='lat' dir='ltr'><strong>cantia</strong></span> <span class='ocrx_word' id='word_1_236' title='bbox 263 3259 355 3328; x_wconf 80' lang='lat' dir='ltr'><strong>facite</strong></span> <span class='ocrx_word' id='word_1_237' title='bbox 371 3258 465 3334; x_wconf 84' lang='lat' dir='ltr'><strong>tollit.</strong></span> <span class='ocrx_word' id='word_1_238' title='bbox 484 3257 661 3340; x_wconf 71' lang='lat' dir='ltr'><strong>Caeterum,</strong></span> <span class='ocrx_word' id='word_1_239' title='bbox 679 3270 715 3322; x_wconf 89' lang='lat' dir='ltr'><strong>ut</strong></span> <span class='ocrx_word' id='word_1_240' title='bbox 729 3259 796 3347; x_wconf 83' lang='lat' dir='ltr'><strong>jem</strong></span> <span class='ocrx_word' id='word_1_241' title='bbox 811 3259 895 3335; x_wconf 77' lang='lat' dir='ltr'><strong>diri,</strong></span> <span class='ocrx_word' id='word_1_242' title='bbox 909 3263 1037 3330; x_wconf 83' lang='lat' dir='ltr'><strong>satietas</strong></span> <span class='ocrx_word' id='word_1_243' title='bbox 1049 3287 1122 3353; x_wconf 84' lang='lat' dir='ltr'><strong>gra-</strong></span> 
     </span>
     <span class='ocr_line' id='line_1_30' title="bbox 97 3361 1121 3456; baseline 0.002 -24"><span class='ocrx_word' id='word_1_244' title='bbox 97 3397 110 3432; x_wconf 68' lang='grc' dir='ltr'><strong><em>ι</em></strong></span> <span class='ocrx_word' id='word_1_245' title='bbox 143 3369 222 3454; x_wconf 84' lang='lat' dir='ltr'><strong>tiam</strong></span> <span class='ocrx_word' id='word_1_246' title='bbox 233 3388 362 3432; x_wconf 90' lang='lat' dir='ltr'><strong>omnem</strong></span> <span class='ocrx_word' id='word_1_247' title='bbox 374 3361 525 3442; x_wconf 77' lang='lat' dir='ltr'><strong>hebetat,</strong></span> <span class='ocrx_word' id='word_1_248' title='bbox 538 3375 571 3430; x_wconf 87' lang='lat' dir='ltr'><strong>et</strong></span> <span class='ocrx_word' id='word_1_249' title='bbox 581 3387 734 3452; x_wconf 70' lang='lat' dir='ltr'><strong>purorum</strong></span> <span class='ocrx_word' id='word_1_250' title='bbox 747 3362 800 3429; x_wconf 89' lang='lat' dir='ltr'><strong>illa</strong></span> <span class='ocrx_word' id='word_1_251' title='bbox 815 3376 979 3456; x_wconf 80' lang='lat' dir='ltr'><strong>troporum</strong></span> <span class='ocrx_word' id='word_1_252' title='bbox 992 3368 1121 3435; x_wconf 83' lang='lat' dir='ltr'><strong>affluen-</strong></span> 
     </span>
     <span class='ocr_line' id='line_1_31' title="bbox 98 3465 1210 3564; baseline 0.001 -26"><span class='ocrx_word' id='word_1_253' title='bbox 98 3503 111 3538; x_wconf 69' lang='lat' dir='ltr'><strong>t</strong></span> <span class='ocrx_word' id='word_1_254' title='bbox 141 3475 186 3542; x_wconf 90' lang='lat' dir='ltr'><strong>tia</strong></span> <span class='ocrx_word' id='word_1_255' title='bbox 198 3472 325 3540; x_wconf 86' lang='lat' dir='ltr'><strong>artificii</strong></span> <span class='ocrx_word' id='word_1_256' title='bbox 337 3471 458 3562; x_wconf 84' lang='lat' dir='ltr'><strong>legibus</strong></span> <span class='ocrx_word' id='word_1_257' title='bbox 470 3465 591 3564; x_wconf 85' lang='lat' dir='ltr'><strong>nullam</strong></span> <span class='ocrx_word' id='word_1_258' title='bbox 603 3469 730 3538; x_wconf 88' lang='lat' dir='ltr'><strong>dicendi</strong></span> <span class='ocrx_word' id='word_1_259' title='bbox 742 3469 923 3540; x_wconf 81' lang='lat' dir='ltr'><strong>libertatem</strong></span> <span class='ocrx_word' id='word_1_260' title='bbox 936 3474 1112 3544; x_wconf 78' lang='lat' dir='ltr'><strong>concedit.»</strong></span> <span class='ocrx_word' id='word_1_261' title='bbox 1207 3517 1210 3522; x_wconf 89' lang='lat'>-</span> 
     </span>
    </p>
   </div>
   <div class='ocr_carea' id='block_1_18' title="bbox 98 3578 535 3681">
    <p class='ocr_par' dir='ltr' id='par_1_18' title="bbox 98 3578 535 3681">
     <span class='ocr_line' id='line_1_32' title="bbox 98 3578 535 3681; baseline 0.005 -35"><span class='ocrx_word' id='word_1_262' title='bbox 98 3578 289 3668; x_wconf 67' lang='lat' dir='ltr'><strong>(rnatu.)</strong></span> <span class='ocrx_word' id='word_1_263' title='bbox 358 3627 361 3672; x_wconf 89' lang='lat'><strong><em>:</em></strong></span> <span class='ocrx_word' id='word_1_264' title='bbox 420 3666 424 3681; x_wconf 23' lang='grc' dir='ltr'><strong><em>Ι</em></strong></span> <span class='ocrx_word' id='word_1_265' title='bbox 532 3633 535 3640; x_wconf 92' lang='grc'><em>.</em></span> 
     </span>
    </p>
   </div>
   <div class='ocr_carea' id='block_1_19' title="bbox 333 3709 876 3786">
    <p class='ocr_par' dir='ltr' id='par_1_19' title="bbox 333 3709 876 3786">
     <span class='ocr_line' id='line_1_33' title="bbox 333 3709 876 3786; baseline -0.006 -1"><span class='ocrx_word' id='word_1_266' title='bbox 333 3765 336 3774; x_wconf 88' lang='lat'>.</span> <span class='ocrx_word' id='word_1_267' title='bbox 426 3739 592 3786; x_wconf 80' lang='lat' dir='ltr'><strong>unrrronns</strong></span> <span class='ocrx_word' id='word_1_268' title='bbox 610 3709 788 3784; x_wconf 67' lang='lat' dir='ltr'><strong>runcinum</strong></span> <span class='ocrx_word' id='word_1_269' title='bbox 874 3743 876 3747; x_wconf 92' lang='lat'>·</span> 
     </span>
    </p>
   </div>
   <div class='ocr_carea' id='block_1_20' title="bbox 137 3869 935 3950">
    <p class='ocr_par' dir='ltr' id='par_1_20' title="bbox 137 3869 935 3950">
     <span class='ocr_line' id='line_1_34' title="bbox 137 3869 935 3950; baseline -0.003 -2"><span class='ocrx_word' id='word_1_270' title='bbox 137 3869 284 3950; x_wconf 86' lang='lat' dir='ltr'><strong>Homiliae</strong></span> <span class='ocrx_word' id='word_1_271' title='bbox 299 3869 404 3948; x_wconf 83' lang='lat' dir='ltr'><strong>Basilii</strong></span> <span class='ocrx_word' id='word_1_272' title='bbox 421 3871 631 3948; x_wconf 89' lang='lat' dir='ltr'><strong>Seleucicnsis</strong></span> <span class='ocrx_word' id='word_1_273' title='bbox 646 3887 769 3948; x_wconf 80' lang='lat' dir='ltr'><strong>eircusre</strong></span> <span class='ocrx_word' id='word_1_274' title='bbox 785 3873 935 3948; x_wconf 86' lang='lat' dir='ltr'><strong>suerunt:</strong></span> 
     </span>
    </p>
   </div>
   <div class='ocr_carea' id='block_1_21' title="bbox 251 3983 959 4074">
    <p class='ocr_par' dir='ltr' id='par_1_21' title="bbox 251 3983 959 4074">
     <span class='ocr_line' id='line_1_35' title="bbox 251 3983 959 4074; baseline -0.003 -22"><span class='ocrx_word' id='word_1_275' title='bbox 251 3985 372 4061; x_wconf 76' lang='lat' dir='ltr'><strong>Tomara</strong></span> <span class='ocrx_word' id='word_1_276' title='bbox 403 3983 507 4070; x_wconf 86' lang='lat' dir='ltr'><em>VIII.</em></span> <span class='ocrx_word' id='word_1_277' title='bbox 525 3988 536 4050; x_wconf 80' lang='grc'><strong>’·.</strong></span> <span class='ocrx_word' id='word_1_278' title='bbox 921 4009 959 4074; x_wconf 84' lang='lat'><strong>¹9</strong></span> 
     </span>
    </p>
   </div>
   <div class='ocr_carea' id='block_1_22' title="bbox 104 4061 156 4132">
    <p class='ocr_par' dir='ltr' id='par_1_22' title="bbox 104 4061 156 4132">
     <span class='ocr_line' id='line_1_36' title="bbox 104 4061 156 4132; baseline 0 -28"><span class='ocrx_word' id='word_1_279' title='bbox 104 4061 156 4132; x_wconf 55' lang='lat' dir='ltr'><strong>X‚l</strong></span> 
     </span>
    </p>
   </div>
   <div class='ocr_carea' id='block_1_23' title="bbox 0 0 1493 4592">
    <p class='ocr_par' dir='ltr' id='par_1_23' title="bbox 0 0 1493 4592">
     <span class='ocr_line' id='line_1_37' title="bbox 0 0 1493 4592; baseline 0 0"><span class='ocrx_word' id='word_1_280' title='bbox 0 0 1493 4592; x_wconf 95' lang='lat' dir='ltr'><strong> </strong></span> 
     </span>
    </p>
   </div>
  </div>
 </body>
</html>
