2960 4592
560 351 658 442 (557
684 352 696 438 l

153 483 193 554 M
195 485 300 552 loheel
315 485 366 563 ΙΙ,
385 485 576 575 cognomine
604 485 752 563 Balbus,
778 508 942 552 sacrarum
959 485 1139 575 imaginum

110 589 249 658 cultores
267 615 381 658 vexare
398 603 601 680 perseverat,
619 613 773 681 nonoque
786 593 875 680 regni
896 589 999 669 an'no,
1020 591 1139 658 Christi

112 700 201 786 829,
221 704 240 764 e
262 699 324 765 vitai
349 695 487 764 decedit.
743 773 749 790 ὅ

143 804 369 894 Theophilus,
385 803 547 874 Michaelis
565 803 673 881 lilius,
698 827 863 872 sacrarum
875 806 1056 896 Imaginum
1067 805 1140 870 hor-

112 931 222 1002 rorem
254 911 344 998 quasi
374 909 560 975 haereditato
583 911 809 998 consequitur,
836 908 1140 998 catholicorumque

111 1018 265 1106 sanguine
274 1016 421 1084 loedatur.
436 1017 640 1105 Quinquiesh
653 1015 840 1095 Saracenis,
855 1029 1004 1112 conserto
1012 1016 1136 1107 praelio,

111 1124 273 1200 deuotus,
291 1134 429 1212 augente
448 1119 560 1224 dolore
581 1123 718 1188 moritur
730 1146 816 1190 anno
828 1126 903 1204 842.

69 1219 72 1227 ’
152 1227 296 1296 Miconos
313 1227 384 1303 llI,
415 1227 607 1316 cognomine
623 1227 806 1305 Ebriosus,
827 1226 1007 1296 leodoroe
1029 1229 1137 1296 matris

4 1357 7 1394 ε
108 1335 249 1426 primhm
273 1333 414 1404 consiliis
433 1335 584 1425 adjutus,
603 1333 777 1404 Catholicis
789 1336 893 1413 lavet,
914 1350 947 1404 et
961 1337 1140 1416 lconoolas

2 1463 8 1504 s
106 1456 213 1510 tarum
237 1467 361 1510 errores
383 1449 513 1532 prorsus
536 1443 709 1532 extinguit;
740 1444 800 1513 ista
819 1456 992 1526 auteman.
1017 1447 1080 1532 857
1106 1445 1140 1512 in

106 1551 338 1620 monasterium
371 1549 529 1626 detrusa,
564 1549 793 1640 cupiditatibus
829 1549 930 1619 libere
964 1551 1137 1642 indulget3

108 1656 285 1738 Photium,
306 1655 439 1746 expulso
463 1656 586 1746 Ignatio
609 1654 751 1744 legitimo
773 1655 951 1735 Pontilico,
969 1659 1003 1726 in
1019 1657 1138 1724 Sedem

109 1759 515 1850 constantinopolitanam,
530 1759 687 1834 incitante
699 1758 837 1827 Bardate
850 1760 995 1850 ejusdem
1006 1774 1136 1850 nepote,

107 1881 139 1935 et
155 1869 282 1958 imperii
298 1867 576 1943 administratore,
601 1864 752 1943 intrudit3
777 1867 946 1957 ipsumque
977 1867 1138 1957 Ignatium

107 1975 140 2039 in
156 1973 371 2042 conciliabulo
396 1971 749 2062 Constantinopolitano
769 1974 894 2063 probris
914 1973 1139 2062 indignissimis

107 2079 215 2148 afficit.
242 2079 336 2148 Anno
367 2081 430 2166 867
456 2079 625 2149 occiditur.
1121 2157 1123 2161 ι
1244 2069 1247 2076 ’

148 2183 316 2278 Basilius,
338 2185 528 2274 cognomine
554 2183 796 2262 Macedoniae,
816 2185 885 2274 ojus
902 2185 987 2252 vices
1007 2184 1137 2274 accipit,

105 2289 342 2384 amandatoquc
370 2289 659 2358 inmonasterium
686 2289 801 2356 Photio
817 2289 977 2380 ignatium
993 2302 1133 2356 revocat.

106 2393 258 2464 Photium
275 2405 381 2464 autem
398 2399 510 2483 postea
527 2445 537 2468 ,
557 2405 686 2460 mortuo
710 2394 853 2482 ignatio,
867 2395 900 2460 in
917 2395 1027 2460 sedem
1041 2393 1138 2463 Cons-

38 2519 41 2528 ·
105 2499 405 2592 tantinopolitanam
421 2500 625 2576 restitutum,
651 2511 683 2564 et
697 2497 851 2566 Romanae
868 2501 1051 2573 auctoritati
1069 2499 1140 2566 illu-

10 2679 22 2697 „
85 2621 87 2624 ’
103 2607 235 2674 dentem
252 2605 336 2674 male
355 2619 476 2672 tuetur.
502 2603 562 2672 Illo
576 2617 744 2695 regnante,
759 2604 941 2672 celebratur
959 2605 1139 2676 Constanti·

1 2699 22 2824 ,ἶ
80 2711 212 2811 xnopoli
236 2711 416 2780 Concilium
436 2710 585 2802 generale
600 2711 688 2781 Vlll.
706 2711 799 2780 Anno
818 2713 881 2778 886
905 2724 1028 2780 naturae
1050 2711 1138 2778 satis-

16 2818 18 2825 ’
104 2820 192 2890 lacit.

150 2925 213 2993 Leo
238 2924 306 3003 Vl,
329 2927 470 3016 Sapiens
494 2925 544 2992 vel
571 2924 788 3015 Philosophus
806 2925 1021 3016 cognomine,
1050 2923 1139 3014 quod

103 3031 277 3101 virtutibus
299 3031 453 3110 minime,
478 3032 535 3098 sed
566 3029 748 3098 liberalium
771 3029 1014 3120 disciplinarum
1037 3029 1138 3098 amori

1 3103 24 3231 ii
103 3135 304 3212 debehatur,
319 3140 336 3199 h
351 3134 496 3214 Nicolao,
513 3135 618 3204 Photii
631 3157 835 3212 successore,
850 3135 1055 3202 anathemate
1067 3159 1137 3225 per·

13 3231 23 3258 ²'
104 3238 255 3318 collitur,
284 3241 381 3328 quia,
407 3252 518 3308 contra
546 3239 699 3313 Ecclesia
713 3237 833 3308 Graecae
854 3239 1078 3328 disciplinam,
1098 3241 1138 3310 ad

104 3359 235 3438 quartas
258 3345 482 3426 convolaverat
503 3347 642 3437 nuptias.
671 3347 750 3436 Ejus
772 3357 881 3420 autem
897 3346 1139 3412 matrimonium

0 3431 27 3480 'l
105 3454 146 3520 ah
174 3451 317 3528 Ecclesia
344 3453 489 3522 Romana
517 3456 764 3544 comprobatum
791 3466 863 3530 est,
903 3459 1014 3542 utpote
1051 3451 1140 3540 quod

15 3625 18 3634 ,
106 3559 282 3650 Evangelio
310 3583 374 3628 non
406 3562 637 3628 adversaretur.
667 3563 838 3628 Sermones
869 3562 969 3649 magis
995 3560 1138 3628 scrihere

5 3685 33 3784 ’ἱ
106 3676 204 3760 quam
231 3669 403 3758 imperinm
438 3671 609 3739 defendere
632 3671 774 3759 peritus,
799 3681 939 3735 mortem
958 3691 1042 3738 anno
1073 3689 1133 3756 911

30 3846 33 3869 1
109 3777 264 3866 inglorius
285 3776 392 3848 subiit.
480 3849 483 3857 ¹
