2956 4586
572 315 647 400 (77
669 315 684 400 l

97 478 110 511 s
143 455 200 518 tice
214 471 315 530 sunt,
334 456 421 542 quod
435 467 568 531 sensus,
586 471 634 522 tot
647 455 809 525 etruria.
830 455 945 524 Sciunt
963 456 1025 523 hoe
1041 455 1125 524 Mar-

97 586 110 618 »
142 561 276 636 eiones,
301 560 448 650 Apelles,
464 562 612 638 Praxeae.
636 563 873 652 Hermogenes,
890 563 1016 640 ludaei,
1038 562 1125 630 Gen-

97 691 111 728 s
143 666 236 744 tiles,
262 668 428 746 Gnostici,
457 670 650 757 caeterique,
676 694 813 758 quorum
838 671 891 736 ille
912 669 1124 760 blasphemias

61 800 65 812 r
100 799 113 833 s
145 773 254 840 multis
266 799 304 842 ac
316 772 439 865 magnis
448 774 647 842 voluminum
656 799 788 842 suorum
796 775 947 854 molibus,
959 776 1046 844 velut
1057 778 1125 866 qui-

98 905 113 940 s
145 878 280 944 busdam
299 879 506 957 fulminibus,
529 881 696 947 evertit...
717 882 757 946 Et
773 893 881 948 tamen
897 882 951 948 hic
971 888 1123 971 quoqne,

98 1010 111 1042 n
143 995 215 1070 post
237 983 305 1051 haec
325 985 433 1052 omnia
448 1035 457 1062 ,
471 982 549 1061 hie,
573 986 729 1074 inquem,
751 981 985 1063 Tertullianus,
1011 987 1124 1054 catho-

98 1116 111 1148 »
143 1087 197 1153 lici
214 1087 396 1176 dogmatis,
420 1087 454 1154 id
474 1101 545 1166 est,
564 1087 748 1155 universalis
765 1112 803 1156 ec
824 1101 956 1156 vetustae
976 1089 1050 1157 lidei
1066 1116 1125 1182 pa-

94 1195 124 1258 »f
141 1199 215 1259 rum
229 1206 344 1272 tenax,
369 1177 599 1271 ae'disenior,
619 1193 721 1284 multo
737 1201 833 1284 quum
852 1195 986 1267 fidelior.
1017 1228 1031 1264 s
1055 1201 1068 1288 l
1084 1201 1119 1268 S.

96 1299 130 1363 V
130 1299 197 1364 ine.
216 1297 298 1390 tir„
310 1297 495 1365 Cemment.
520 1300 564 1388 ι.)
818 1366 821 1380 ,

141 1403 214 1491 Non
236 1404 355 1469 mirum
371 1405 487 1494 igitur,
513 1405 600 1492 quod
617 1403 708 1470 illum
727 1406 880 1471 emnium
899 1407 1124 1478 Ecclesiururu

94 1503 244 1574 sunnone
258 1507 420 1574 celebrari
436 1519 570 1574 testetur
587 1507 761 1591 Eusebius:
778 1507 966 1600 (Cimonis.)
981 1515 1068 1603 qrrbd
1083 1515 1119 1580 B.

98 1611 278 1702 Cyprianus
293 1635 335 1676 ne
351 1603 456 1678 unam
472 1613 606 1699 quidem
621 1613 710 1678 diem
721 1613 842 1700 absque
855 1614 1055 1684 Tertulliani
1066 1620 1125 1686 lee-

92 1719 188 1784 tione
199 1717 417 1805 praeterierit,
429 1716 541 1782 erebro
552 1719 807 1786 notario'dieens
820 1743 831 1784 :
845 1719 890 1789 du
900 1724 1100 1814 magistrum
1107 1753 1121 1802 ,·

98 1848 164 1912 quo
175 1825 304 1890 nomine
319 1822 565 1892 Tertullianum
575 1825 770 1916 significare
781 1827 1119 1918 inundatauffltero.

101 1928 223 2017 catal.)
242 1929 328 2018 quod
343 1932 463 2023 mirans
480 1931 514 1996 S.
540 1931 755 2019 Hieronymus
769 1930 990 2004 inclamaverit
1006 1959 1014 2000 :
1033 1938 1125 2019 Quid

100 2033 307 2100 Tertulliano
327 2036 492 2101 eruditius
512 2036 527 2100 i
551 2037 644 2118 Quid
670 2037 800 2104 acutius
821 2021 840 2100 i
858 2039 980 2128 (Epist.
1004 2043 1057 2109 85.
1083 2045 1124 2110 ad

98 2138 223 2228 Magn.)
244 2133 341 2220 Quot
363 2139 501 2228 denique
524 2139 720 2231 Augustinus
741 2144 808 2231 ipse
827 2145 935 2211 multa
951 2147 1015 2240 legi
1028 2173 1124 2238 opus-

97 2246 172 2311 eule
195 2233 456 2332 eloquentissime
473 2246 515 2314 ab
535 2250 594 2316 illo
616 2251 740 2340 scripte
762 2249 898 2318 libenter
912 2255 1119 2342 profitentur:

99 2350 304 2446 Quamquam
324 2371 400 2418 eum
423 2351 590 2420 Lactantio
622 2352 727 2439 (Isset.
749 2355 778 2419 5.
800 2379 827 2419 1.
844 2357 855 2443 )
870 2369 943 2446 post
963 2359 1124 2452 Hierony-

95 2479 190 2524 mum
206 2455 217 2542 (
233 2457 343 2549 Epist.
360 2458 406 2522 ud
428 2459 622 2525 Paulinum.
646 2459 736 2546 )dioi
755 2460 876 2548 possit,
905 2459 947 2526 in‘
964 2464 1124 2551 loquendo

91 2549 220 2655 periure
234 2566 365 2654 facilis,
379 2581 410 2631 et
424 2569 537 2633 minus
548 2581 694 2656 comptus
704 2581 734 2630 et
747 2567 892 2632 multiern
902 2567 1068 2642 obscurus.
1106 2567 1112 2576 ’

145 2669 231 2740 Nihil
246 2673 343 2762 igitur
360 2674 539 2763 junioribus
558 2673 696 2740 maxime
710 2673 917 2760 scriptoribus
932 2677 986 2764 qui
1003 2678 1124 2766 eogita-

98 2780 240 2846 tionihus
256 2793 406 2869 egentes,
428 2784 533 2850 verbis
557 2782 691 2848 nimium
710 2779 862 2846 luxuriari
881 2781 1000 2860 solent,
1016 2782 1123 2850 utilius
1186 2843 1189 2856 .

99 2887 273 2974 excogitari
293 2899 416 2977 potest,
437 2895 534 2976 quam
556 2885 743 2954 Tertulliani
766 2911 899 2978 operum
920 2888 1040 2968 lectio,
1068 2893 1123 2979 qui

99 2993 273 3070 verborum
285 2994 430 3082 parcior,
443 2983 612 3084 multiplici
624 2994 852 3083 cogitationum
866 2997 1008 3084 pondere
1020 2999 1123 3087 gravis

99 3123 227 3189 semper
238 3100 381 3176 incedit·
435 3137 438 3142 ·

427 3327 595 3371 no1rrours
619 3309 819 3372 rnncmum'

145 3507 253 3572 Potior
264 3501 453 3602 Tertulliani
470 3507 567 3574 editio
583 3533 629 3576 ea·
640 3523 773 3600 estquae
788 3511 907 3600 prodiit
921 3517 972 3594 air.
993 3515 1076 3596 1654
1091 3529 1123 3582 et

103 3615 202 3694 1641,
219 3613 327 3682 studio
339 3615 479 3704 Rigalti.
498 3617 658 3682 Posterior
666 3619 766 3708 magis
774 3619 1019 3686 commendatur
1026 3647 1036 3698 ;
1052 3647 1122 3712 quae

96 3732 207 3786 tamen
229 3733 271 3804 ut
286 3720 427 3810 perfecta
449 3723 514 3798 sit,
535 3721 719 3790 addendum
740 3735 787 3789 est
807 3723 955 3791 volumen
975 3739 1123 3794 notarum

63 3841 65 3847 ’
93 3847 146 3890 an.
178 3827 259 3892 1655
293 3827 439 3906 Rurisiis
462 3815 793 3924 excusum'lin-sol„
822 3840 1014 3923 quamquem
1041 3848 1123 3902 notae
