2960 4592
788 363 923 452 (290)

391 492 518 568 Graes,
535 515 586 558 66.
610 493 705 582 6596,
721 465 970 588 616666666636,
989 496 1127 573 latine,
1146 518 1196 563 an.
1223 501 1348 586 6674,
1335 525 1376 565 tra

344 595 537 664 Ecclesiaste
545 599 649 666 tatano
658 600 801 666 Petrum
810 603 1036 679 Graecorum,
1023 627 1044 666 6
1051 603 1151 668 Patro
1159 603 1340 695 Combes
1297 629 1372 672 sto

332 701 346 730 '
390 701 501 769 66666
511 721 540 770 et
553 705 672 782 totoue
683 729 733 772 au.
745 693 854 787 6664,
866 707 988 774 ibidem
1000 730 1075 774 cum
1088 732 1231 774 versione
1244 722 1276 776 et
1287 712 1373 778 notis

343 811 542 898 Dauoquaei5
552 826 584 878 et
596 815 697 892 1621,
707 816 868 882 Partstts
860 839 892 882 tn
901 814 1090 882 collectione
1100 817 1228 883 Petrum
1239 817 1372 918 Gracco·

342 928 425 981 rum

385 1021 551 1148 Habentur
566 1025 662 1091 etiam
677 1026 710 1092 iu
723 1029 818 1094 variis
838 1027 969 1095 Petrum
987 977 1207 1138 Bibliothecis.

704 1240 806 1338 ‚g
831 1247 924 1316 xxi.

423 1465 425 1468 ’
450 1469 593 1536 Sanctus
608 1471 724 1550 Nilus,
741 1475 830 1540 eirca
846 1477 995 1542 medium
1015 1479 1127 1565 quinti
1144 1482 1252 1547 seculi.

791 1665 935 1734 Guneus.

379 1871 526 1958 ‘sancta
541 1886 573 1956 N
576 1889 659 1964 itus,
683 1885 902 1974 chrysostomi
924 1853 1119 1976 discipulus,
1138 1884 1368 1954 Constantino-

338 1993 418 2084 polis
434 1995 620 2068 Praefectus,
639 1993 828 2080 magnisque
838 1992 954 2058 divitiis
975 1993 1155 2069 abundans,
1173 1993 1252 2058 duos
1269 1998 1287 2058 6
1302 2017 1369 2058 ma-

269 2128 290 2173 s
337 2101 487 2165 trimonio
509 2098 625 2167 llberos
649 2097 805 2185 suscepit,
830 2113 969 2186 quorum
994 2121 1057 2164 666
1074 2099 1211 2188 Ι66646ςί
1232 2097 1363 2175 relicto,

335 2205 584 2295 primogenitum
599 2223 710 2268 secum
732 2204 922 2292 assumpsit,
940 2217 977 2269 ut
998 2205 1082 2270 inter
1106 2203 1231 2270 Arabiae
1252 2201 1367 2269 solitu‘

336 2309 447 2388 dines,
462 2311 647 2400 montisque
670 2309 755 2374 sinae
777 2309 900 2377 deserta
916 2311 1014 2376 vitam
1035 2311 1248 2396 monasticam
1264 2308 1367 2398 proli-

336 2431 468 2490 tcretur.
480 2418 540 2486 ffic
553 2419 585 2485 iu
602 2418 746 2486 cavernis
761 2415 810 2484 vel
828 2417 942 2485 casulis
961 2420 1090 2508 proprii
1107 2427 1362 2484 6666666666-

335 2525 376 2591 tis
392 2530 562 2616 separatim
578 2523 759 2614 degebant,
777 2545 842 2588 non
857 2545 939 2612 pane
955 2573 964 2600 ,
980 2523 1035 2589 sed
1054 2516 1177 2590 acerbis
1193 2523 1362 2599 fructibus,

336 2625 504 2718 crudisque
520 2629 627 2695 herbis
644 2619 740 2695 sitam
755 2635 978 2693 sustentantes.
995 2625 1115 2698 Diebus
1130 2639 1236 2692 autem
1252 2626 1366 2692 Domi-

335 2735 417 2802 nicis
433 2733 639 2800 a'd'Ssa'cram
659 2730 788 2820 ynaxim
803 2749 975 2818 rerumque
990 2730 1202 2819 spiritualium
1218 2731 1366 2796 devotam

296 2879 300 2884 «
337 2836 543 2905 collationem
561 2836 810 2904 conveniebant.
829 2835 1059 2926 Chrysostomo
1082 2837 1262 2904 inexilium
1282 2857 1366 2902 6666

336 2945 399 3024 465
422 2943 589 3032 ablegato,
611 2942 689 3006 duas
704 2940 746 3006 ad
767 2942 996 3030 imperatorem
1017 2940 1193 3009 Arcadium
1219 2939 1365 3032 epistolas

303 3135 304 3138 Ἴ
326 3053 452 3136 ¹magna
476 3045 624 3114 libertate
644 3045 854 3134 conscripsit,
873 3059 908 3112 ut
924 3055 990 3112 tam
1006 3046 1364 3136 injustamagendira-

336 3154 459 3219 tionem
475 3153 682 3220 vehementer
698 3151 915 3240 exprobraret.
1297 3169 1299 3174 ·

380 3257 573 3326 Devastante
589 3270 696 3323 autem
720 3256 898 3324 Orientales
919 3257 1027 3348 plagas
1049 3281 1125 3326 cum
1148 3222 1369 3324 barbarorumv

336 3366 450 3430 turmis
469 3359 614 3441 Alarico,
633 3363 798 3452 captisque
816 3375 849 3428 et
873 3364 986 3430 occisis
1010 3365 1108 3430 etiam
1130 3365 1363 3450 monachorum

336 3469 545 3551 nonnullis,
536 3495 569 3538 m
595 3483 739 3537 montem
760 3469 912 3560 aufugere
935 3469 1023 3539 Nilus
1044 3485 1178 3540 coactus
1194 3485 1264 3547 est,
1287 3470 1364 3534 dum

337 3577 523 3645 Theodulus
539 3577 622 3644 lilius
633 3583 651 3642 a
664 3577 811 3644 Barbaria
824 3575 1057 3670 deprehensus,
1075 3591 1108 3644 et
1124 3575 1221 3644 stellae
1236 3573 1363 3645 Venerit

336 3669 419 3774 pene
435 3683 636 3760 immolatus,
663 3681 792 3748 Elusam
815 3683 943 3750 ductus
941 3695 1000 3751 cst
1016 3684 1053 3750 ia
1077 3685 1261 3749 servitutem
1278 3679 1365 3746 redi-

312 3781 317 3808 *
337 3791 469 3880 gendus
489 3789 584 3856 Illum
600 3801 709 3855 autem
721 3773 851 3855 Elusam
864 3789 1036 3857 deveniens
1050 3787 1140 3857 Nilus
1153 3789 1192 3879 ab
1207 3789 1363 3884 Episcopo

337 3895 540 4006 redemptum
555 3905 587 3961 et
602 3893 696 3961 Clero
714 3895 753 3961 ab
769 3889 883 3960 eodem
901 3881 1065 4002 addictum
1081 3875 1217 3960 feliciter
1230 3891 1358 3980 recepit.
