2990 4570
771 304 906 396 (ml

757 497 914 634 suut

653 725 852 806 Cassianus,
868 753 926 796 an.
943 732 1018 810 440.

757 921 902 970 uulnus.

363 1071 511 1152 Ioannes
528 1069 721 1149 Cassianus,
737 1072 792 1160 qui
804 1070 952 1148 liobt‚'ut
963 1067 1102 1148 videtur,
1118 1067 1241 1159 origine
1258 1067 1346 1134 Gam-

326 1201 403 1257 cus,
419 1180 503 1246 inter
515 1179 643 1247 Latinos
662 1193 771 1248 tamen
793 1203 930 1271 quorum
943 1177 1096 1271 ¹linguam
1114 1181 1150 1246 in
1174 1177 1348 1246 scribendo

327 1285 494 1374 usurpavit
507 1285 622 1361 ,debet
638 1287 837 1375 computari,
855 1286 987 1377 Scythia
1003 1281 1169 1363 oriundus,
1182 1285 1346 1373 Deoqueb
1370 1331 1372 1338 .

105 1397 106 1400 ’
223 1429 225 1432 -
320 1391 455 1480 pueritia
468 1389 501 1455 in
514 1389 767 1458 Bethlie‘emitano
782 1393 975 1456 monasterio
984 1403 1200 1467 consecratus,
1215 1389 1346 1478 perfec-

319 1496 410 1561 tioris
419 1493 496 1578 vitae
506 1493 611 1562 studio
628 1495 781 1584 flagrans3
797 1507 1023 1585 assumptoque
1037 1495 1155 1562 comite
1169 1493 1346 1569 Germano,

305 1647 307 1652 -
323 1600 498 1690 AEgyptum
521 1599 782 1688 Thebaidamque
802 1613 1028 1690 peragraturus
1042 1599 1203 1689 profectus
1217 1593 1294 1674 ost,
1311 1609 1349 1664 ut

308 1703 310 1706 ’
323 1704 558 1773 monachorum
573 1705 727 1796 exemplis
739 1718 771 1772 et
783 1705 927 1776 doctrina
943 1706 984 1772 ad
999 1701 1201 1774 sanctitatem
1220 1727 1352 1795 memo«

323 1823 461 1878 veretur.
479 1811 683 1901 Consumptis
699 1812 733 1878 in
748 1797 933 1902 vifi'septem
948 1812 1149 1890 annis,ci1m
1164 1812 1352 1902 frequentes·

323 1918 532 1984 instituissent
546 1941 622 1984 cum
641 1916 857 2006 celeberrimis
872 1919 1041 2004 abbatibus
1060 1918 1265 1995 collationes,
1281 1931 1350 1983 nto-

323 2024 499 2090 nasterium
513 2022 773 2111 juxta'fratribus
789 2025 945 2112 promissa
965 2021 1181 2113 repetierunt,
1198 2006 1352 2113 acceptri-

324 2154 387 2220 que
401 2134 511 2194 rursbs
530 2128 670 2194 obeundi
693 2127 820 2196 licentia
842 2129 876 2195 in
890 2129 1067 2196 horrendas
1082 2129 1222 2220 Scythiae
1242 2129 1354 2196 solitu·

325 2233 415 2300 dines
426 2234 542 2298 iterum
554 2257 588 2298 se
599 2245 801 2322 receperunt.
838 2297 839 2301 ,

370 2337 511 2432 Expulso
523 2347 541 2408 b
552 2339 829 2433 Constantinopoli
838 2341 964 2410 Joanne
974 2344 1203 2435 chrysostomo
1212 2393 1227 2420 „
1235 2366 1350 2432 quem,

326 2463 364 2514 ut
389 2449 458 2538 ipse
479 2457 633 2524 testatur,
651 2447 816 2516 doctorem
833 2449 1010 2528 habuerat,
1026 2463 1059 2517 et
1076 2458 1094 2518 a
1111 2473 1175 2539 quo
1190 2449 1354 2516 Diaco'nus

325 2556 430 2622 fuerat
454 2567 682 2632 consecratus,
706 2553 844 2622 Romam
866 2579 942 2624 cum
966 2557 1126 2624 Germano
1144 2556 1260 2622 missus
1279 2568 1352 2632 ost,

326 2659 540 2728 Sacerdotem
563 2659 711 2749 epistolas
731 2659 771 2728 de
791 2660 878 2728 illata
905 2675 1016 2728 sancto
1037 2660 1185 2728 Pontifici
1203 2659 1355 2730 violentie

327 2768 821 2858 quaerentiumadlnnocontium
834 2769 848 2835 l
860 2768 1034 2836 delaturus.
1110 2841 1116 2860 v

370 2873 455 2940 Hinc
467 2873 624 2960 Sacerdos
637 2887 841 2941 consecratus
853 2864 1023 2942 Massiliam
1031 2875 1067 2950 in
1080 2874 1197 2969 Gallias
1209 2871 1354 2951 secessit,

329 2983 384 3048 ubi
397 2981 461 3046 duo
473 2981 682 3058 monasteria,
697 3001 797 3048 unum
809 2983 940 3072 quidem
953 2983 1113 3059 virorum,
1127 2982 1264 3050 alterum
1279 2989 1355 3050 verb

220 3163 223 3170 ,
325 3087 508 3179 puellarum
519 3087 663 3154 condidit
674 3140 684 3166 ,
696 3101 729 3154 et
740 3091 825 3156 varia
837 3114 925 3180 ‚quae
936 3114 1023 3159 nunc
1036 3102 1177 3168 exstant,
1192 3093 1357 3160 contexuit

329 3217 436 3284 opera.
464 3193 642 3260 Defunctus
659 3205 707 3260 ast
729 3193 912 3262 Theodosio
925 3197 1060 3264 Juniore
1076 3209 1108 3262 et
1129 3195 1357 3266 Valentiniano

331 3301 377 3371 ΙΙΙ
397 3302 627 3392 regnantibus,
641 3302 726 3368 eirca
739 3326 860 3370 annum
875 3308 950 3384 440.

377 3407 456 3476 Tria
468 3424 639 3500 supersunt
654 3410 796 3480 Cassiani
813 3437 927 3502 opera,
944 3411 1061 3505 nempe
1073 3439 1081 3480 :
1091 3427 1148 3480 ·a.⁰
1164 3414 1204 3480 da
1220 3415 1360 3482 instua-

310 3514 478 3582 ‘tioaibus
507 3514 748 3582 monachorum
776 3513 851 3584 libri
879 3540 944 3595 12,
971 3521 1151 3608 quorum'l
1175 3520 1299 3607 priores
1320 3518 1361 3584 do

332 3621 527 3688 instituenda
547 3622 609 3688 vita
634 3623 831 3700 monastici,
848 3627 867 3688 8
886 3631 960 3690 verb
978 3624 1170 3714 posteriores
1194 3623 1235 3689 de
1257 3647 1360 3713 expu—

333 3728 468 3818 gnandis
479 3731 730 3819 praecipuisooto
742 3732 824 3798 vitiis
836 3755 1018 3800 sermonem
1031 3733 1152 3800 faciunt
1159 3758 1172 3810 ςἸ
1191 3743 1237 3800 2.⁰
1250 3730 1360 3798 Cotta·

334 3839 438 3904 tiones
462 3839 522 3917 24,
546 3838 663 3927 quibus
685 3839 868 3906 reseruntur
893 3840 1036 3932 exempla
1064 3839 1159 3910 simul
1178 3851 1214 3906 et
1237 3837 1360 3906 monita
