2942 4568
794 297 930 382 (nt)

345 441 409 503 eta
429 435 575 524 pluribus
592 429 692 500 etiam
719 433 870 500 Romanis
895 432 1047 500 Conciliis
1074 437 1133 500 sub
1158 433 1305 504 Victore
1337 435 1392 510 11,

348 540 547 618 Nicolaoll,
567 553 600 608 et
618 541 773 631 Gregorio
796 541 857 609 Vll
878 540 1067 618 damnatus,
1084 544 1275 609 retractatis
1295 561 1393 611 erro-

346 646 452 723 ribus,
473 647 693 735 poenitentiam
710 669 826 736 agens,
843 647 875 712 in
890 669 970 735 pace
985 647 1135 724 Ecclesiae
1151 649 1296 736 quievit.

391 754 434 818 5⁰.
449 751 606 821 'Miobutl
627 751 857 828 Caerulariur,
880 751 1064 818 Patriarcha
1080 750 1394 840 Constantinopoli·
1435 769 1436 798 ³

346 867 458 932 tanus,
479 877 563 920 anno
583 857 686 935 1045,
703 855 829 944 scripsit
850 867 962 922 contra
983 854 1159 921 Romanam
1176 855 1391 931 Ecclesiam,

347 963 398 1028 cui
430 963 631 1051 potissimum
656 961 903 1051 exprobrabat:
934 973 977 1026 1⁶.·
1000 961 1087 1050 qubd
1120 961 1227 1028 Latini
1263 988 1391 1052 panem

228 1143 231 1152 1
347 1089 495 1156 azymum
518 1068 726 1134 Sacramenta
747 1067 958 1140 adhiberem
987 1081 1028 1132 2⁰.
1055 1067 1180 1156 qubda
1212 1069 1393 1134 suffocatis

298 1173 301 1180 ’
347 1199 412 1242 non
437 1177 653 1249 abstinerenta
681 1177 724 1242 5⁰.
751 1174 838 1264 qubd
867 1174 1017 1259 raderent
1036 1176 1190 1250 barbam:
1215 1179 1266 1255 [μ’.
1298 1177 1392 1266 qubd

348 1279 489 1345 Sabbsto
509 1279 692 1367 jejunarent
705 1303 714 1352 ;
743 1281 785 1348 5⁰.
812 1278 900 1366 qubd
923 1301 1020 1344 carne
1041 1279 1072 1343 in
1103 1279 1391 1370 Quinquagesimt

348 1398 553 1453 vescerentur
560 1410 569 1460 ;
594 1387 637 1450 δ’.
658 1383 744 1471 qubd
762 1383 1062 1472 Nicaeno-Symbolo
1083 1385 1151 1451 haec
1169 1387 1274 1452 rerba
1292 1388 1391 1474 adje-

348 1485 467 1560 cissent
480 1491 673 1577 :Fa'lioqae‚·
692 1502 735 1576 7⁰.
753 1489 839 1578 qubd
855 1489 981 1554 duobus
996 1483 1146 1556 fratribus
1159 1491 1238 1556 duas
1262 1491 1390 1558 ducere

225 1603 226 1608 ’
348 1621 473 1665 sorores
496 1599 735 1688 permitterentt
758 1597 912 1687 aa‘qued
931 1599 1013 1664 inter
1031 1597 1197 1664 Missarum
1222 1599 1388 1688 solemnia

349 1719 424 1773 ante
439 1706 707 1772 Communionem
725 1705 756 1771 in
774 1706 862 1795 pacis
885 1705 994 1772 osculo
1011 1709 1319 1796 conjungerentur3
1343 1722 1384 1795 9⁰.

349 1812 592 1900 qubrlAlleluia
609 1813 642 1877 in
657 1811 907 1901 Quadragesimt
925 1836 990 1878 non
1010 1825 1176 1879 cantarent
1183 1839 1193 1888 ;
1214 1827 1280 1879 10⁰.
1296 1814 1388 1903 qnbd

328 1945 331 1952 ¹
350 1918 542 1984 Sanctorum
550 1915 703 2005 Reliquiis
718 1930 750 1981 et
761 1917 954 2006 Imaginibus
967 1917 1111 1984 debitum
1122 1942 1187 1984 nnn
1196 1919 1388 2006 praeberent

350 2023 518 2088 honorem.
541 2019 607 2084 Leo
624 2019 692 2094 lX,
709 2031 745 2084 ut
764 2021 838 2085 totis
857 2021 977 2086 viribus
994 2023 1123 2087 instanti
1148 2021 1271 2088 Graecis
1294 2022 1385 2089 cala-

350 2128 453 2196 mitati
464 2127 650 2203 obsisteret,
667 2125 748 2192 duos
762 2127 1039 2218 Constantinopoli
1051 2129 1284 2218 misitLegatos
1294 2179 1307 2206 ,
1328 2131 1383 2220 qui

350 2244 369 2302 a
385 2235 594 2301 Constantino
607 2233 819 2302 Monomacho
830 2237 969 2325 benigne
979 2238 1104 2326 excepti
1111 2235 1295 2334 frequentia
1304 2263 1382 2304 cum

351 2339 506 2406 Michaele
529 2337 687 2427 colloquia
710 2340 903 2406 hahuerunt.
930 2341 1013 2406 Cum
1043 2354 1150 2408 autem
1173 2341 1239 2408 ille·
1254 2367 1383 2410 errores

351 2447 501 2536 abjurare
526 2445 643 2522 nollet,
666 2446 809 2536 deposita
833 2469 930 2535 super
944 2446 1044 2512 altare
1060 2449 1093 2514 in
1109 2461 1226 2516 sanctae
1251 2451 1382 2540 Sophia

352 2554 486 2622 Basilica
528 2556 866 2622 excommunicationis
896 2555 1166 2645 depositionisque
1198 2562 1378 2636 sententia,

351 2671 562 2727 recesserunt.
582 2658 716 2725 Michaal
733 2670 840 2722 autem
860 2663 898 2724 eb
918 2657 1085 2725 dementiae
1096 2662 1271 2748 processit,
1290 2676 1327 2729 ut
1350 2665 1380 2730 in

352 2767 485 2854 Legatos
514 2764 632 2854 pariter
657 2777 690 2830 et
716 2764 749 2829 in
773 2764 877 2852 ipsum
902 2787 1064 2830 summum
1081 2765 1272 2834 Pontificem
1297 2795 1377 2836 vana

352 2871 524 2938 intentaret
541 2869 752 2935 anathemata.
776 2857 931 2958 Expulsus
953 2877 1032 2936 esta
1050 2871 1133 2938 Sede
1149 2871 1379 2942 Constantinu-

352 2975 492 3066 politani
509 2975 663 3052 Michael,
681 2975 737 3041 sed
745 2999 867 3042 errores
879 2999 954 3042 cum
966 3000 1005 3042 eo
1016 3001 1081 3042 non
1093 2977 1223 3044 fuerunt
1233 2982 1375 3069 expulsi,

354 3083 504 3174 nullaque
524 3086 564 3150 ab
586 3087 649 3152 hoc
669 3095 817 3174 tempore
840 3085 1124 3174 deprehenduntur
1139 3089 1265 3154 unionis
1281 3093 1376 3158 vesti-

354 3193 424 3282 gia,
447 3193 505 3259 nisi
521 3193 602 3259 sorte
619 3195 651 3258 in
664 3191 854 3281 quibusdam
866 3179 1110 3282 particularibus
1126 3195 1287 3264 Ecclesiis.

743 3495 1003 3571 esam-
