2990 4570
566 371 702 461 (187)

115 531 257 584 mareut.
282 513 453 598 Quomodo
480 517 554 578 verb
573 510 687 604 illam,
713 513 836 600 rejecto
853 509 1149 602 pseudo-pontifice

116 626 279 701 Maximo,
301 619 499 690 comedente
515 631 623 686 autom
641 620 709 710 ipso
734 619 914 688 Theodosio
933 621 1146 708 imperatore,

118 731 254 797 tandem
267 725 462 802 obtinuerit,
475 724 518 790 ita
537 723 689 792 describit
705 725 737 792 in
750 724 946 792 carminibus
961 748 969 788 ε

243 957 255 990 ι
281 928 322 994 Ut
336 931 411 1016 ergb
428 923 562 1014 cupidus
578 925 664 992 veuit
680 923 720 992 ad
733 923 867 1014 cupidos
882 935 950 1000 sut,

666 1029 894 1117 (Tauros-tuo)

130 1147 137 1168 ⁸
194 1135 203 1152 ⁰
234 1169 248 1203 ι
282 1137 473 1227 Complexus
486 1149 521 1204 ut
533 1161 585 1204 ma
597 1137 638 1204 sit
649 1137 861 1225 statim,quae
878 1136 1015 1211 dixerit,

234 1274 247 1309 ι
281 1245 360 1326 Quae
376 1242 558 1333 parhib'anti
574 1247 683 1310 rursus
699 1265 776 1308 aura
793 1243 973 1330 acceperit.

235 1382 248 1414 ι
282 1350 370 1434 Quid
384 1361 433 1416 est
448 1349 697 1434 roconodinum
713 1348 932 1418 i’Pudeudum
948 1348 1054 1422 foret,

237 1485 250 1520 ι
278 1455 315 1524 si
329 1455 482 1546 gloriarer
498 1467 564 1520 tam
580 1479 677 1522 senex
692 1457 733 1522 ob
750 1455 845 1530 tulin,

239 1590 251 1624 ι
283 1561 346 1642 Qui
359 1551 477 1628 cuncta
489 1560 579 1648 parvi
593 1560 712 1649 deputo
727 1549 860 1649 propter
872 1559 990 1624 Duum.

238 1693 251 1730 ι
280 1665 426 1732 Tandem
442 1663 502 1731 ista
516 1663 602 1730 fatur
620 1663 705 1730 :Dat
716 1665 774 1730 tibi
787 1689 843 1754 per
855 1687 908 1731 mo
923 1663 1009 1730 Deus

152 1851 158 1858 ,
239 1805 252 1837 ι
285 1769 495 1841 Nunohoroo
509 1767 1035 1860 templum,dattuisluboribus;

238 1911 251 1946 ι
283 1883 427 1958 Vocem,
442 1887 570 1970 peracta
588 1903 623 1946 ra
639 1879 698 1946 nisi
709 1925 719 1955 ,
731 1901 827 1967 supra
840 1875 948 1944 iidem.

238 2016 251 2050 ι
270 1985 338 2054 xSic
352 2009 491 2072 namque
505 1984 611 2050 stabat
623 1983 733 2050 civitas
751 1979 848 2070 plenu
864 1982 1008 2069 impetu,

238 2119 251 2150 ι
280 2088 466 2176 Animisquo
477 2087 623 2163 ferrans,
646 2097 680 2150 ut
693 2083 768 2150 licat
787 2107 883 2172 grava
900 2081 1064 2171 quidpiam

240 2223 253 2254 ι
285 2193 368 2260 llinc
384 2192 545 2278 eveniret,
559 2188 645 2256 nulla
661 2213 807 2258 cessuros
820 2189 937 2254 throno

239 2331 251 2362 ι
284 2301 362 2390 Spes
379 2305 507 2390 prorutus
518 2311 621 2376 osset,
639 2300 695 2364 sad
712 2311 894 2365 retenturos
908 2321 984 2364 aum
1001 2322 1009 2362 :

238 2437 254 2470 ι
286 2407 342 2474 Sin
359 2419 570 2497 cogerentur,
582 2406 738 2496 impetum
754 2407 786 2471 in
800 2427 874 2481 ma,
892 2407 1021 2472 vincera

184 2539 186 2544 ¹
238 2541 257 2575 r
284 2509 392 2594 Quem
406 2511 503 2578 saoilb
517 2523 647 2602 potsent
659 2563 668 2588 ,
681 2535 749 2577 essa
761 2510 903 2578 facturos
920 2511 1063 2576 brevem.

239 2643 254 2680 ι
286 2615 427 2684 Haecilla
439 2617 517 2682 dixit
535 2639 543 2682 :
562 2617 677 2706 gaudio
689 2628 721 2682 at
736 2610 984 2706 junctusruetus

223 2777 225 2786 ,
241 2751 254 2784 ι
285 2721 369 2788 Tum
380 2743 432 2787 ma
446 2720 599 2795 tenebam
616 2720 744 2786 Christe
755 2721 820 2797 mi,
837 2720 891 2809 qui
904 2739 962 2810 par
975 2729 1066 2784 tuam
1152 2743 1155 2750 ⁴

239 2855 253 2890 ι
282 2826 426 2894 (ir-uram
439 2826 586 2892 terendas
599 2825 644 2891 ‘ad
658 2847 775 2895 oruros
790 2847 849 2892 uos
862 2825 980 2892 excitas
994 2875 1003 2902 ,

239 2962 252 2994 ι
286 2933 325 2997 Et
340 2955 427 2999 nuno
442 2930 544 2998 labori
559 2933 728 3022 praenriurn
744 2943 854 2998 nostro
868 2927 988 3007 dabas,

240 3069 253 3102 ι
286 3039 437 3107 Solamen
453 3041 636 3108 etoisuuuc
651 3041 807 3108 moumin
824 3041 920 3108 tantis
938 3037 1040 3108 malis.
1092 3083 1102 3108 ι

238 3175 252 3208 ι
282 3145 356 3214 dam
373 3159 501 3236 tempus
517 3146 645 3223 aderat,
663 3145 802 3215 militum
818 3157 851 3211 et
867 3145 912 3212 vis
928 3145 1066 3211 murrina

239 3283 252 3316 ι
282 3252 453 3347 Templum
468 3253 660 3330 obtinebat,
676 3253 812 3320 balliuos
829 3271 921 3320 enses
937 3275 1062 3343 garons.

239 3387 253 3420 ι
284 3360 436 3430 Faciebat
451 3361 556 3428 omnis
570 3360 726 3450 impeturn
743 3371 856 3427 eontra
873 3371 1000 3430 taurona

240 3495 253 3528 »
285 3458 444 3562 Populus,
462 3489 559 3534 urana
576 3479 611 3532 ut
626 3468 701 3542 ‚nix
715 3462 784 3542 vol,
801 3479 859 3532 aut
871 3466 989 3536 fluctus
1002 3465 1120 3539 auaris,

240 3599 253 3632 ι
285 3567 430 3640 Utansot
440 3571 507 3648 ira,
523 3572 675 3662 precibus
691 3583 723 3638 ot
738 3570 864 3644 blandis
880 3569 994 3645 stunt,

200 3765 206 3773 ·
241 3704 254 3738 ι
286 3675 389 3744 Iratus
403 3679 436 3744 in
453 3675 839 3766 nos,‚priuoipisupplex.
858 3677 956 3746 Erant

239 3811 252 3844 ι
284 3782 393 3850 Plena
403 3785 460 3852 viae
475 3784 669 3874 ‚domique,
684 3782 773 3875 pleni
785 3807 896 3850 omnes
913 3781 996 3856 looi,

239 3920 252 3952 ι
283 3891 387 3958 Planae
400 3891 581 3982 domusque
598 3899 667 3960 tum
684 3894 757 3961 viris
773 3896 842 3958 tluu
858 3890 997 3956 loeminis
