2942 4568
565 324 702 412 (465)
780 411 783 415 ,

131 465 328 554 imponitur,
348 467 439 555 cujus
456 466 573 532 iterlrm
588 465 621 530 in
639 462 757 530 Gallias
773 463 894 552 recepti
916 486 1014 552 gener
1041 461 1162 528 Frede-

25 605 29 614 ι
72 609 74 616 ·
138 571 223 636 ricus
246 571 479 661 llllmpcrator
502 569 701 636 Palaestinam
727 591 778 634 nn.
808 591 891 656 1229
910 567 1107 658 ingreditur,
1129 579 1162 634 et

40 761 46 773 ¹
139 689 212 764 post
227 700 367 754 annum,
395 677 506 744 relicto
519 677 609 744 Duce
629 674 808 750 Richardo,
825 675 969 762 protinus
985 673 1115 740 recedit.

182 781 243 848 An.
264 783 346 870 1259
358 781 551 870 liudulphus
565 791 709 847 sanctam
726 779 888 867 regionem
900 778 1164 867 propugnandam

137 887 284 975 suscipit,
301 886 403 960 redet
415 887 483 976 ipse
494 886 586 950 brevi
607 881 745 949 Gallicas
757 883 873 970 repetit
887 893 998 948 terras.

182 989 277 1056 Anno
290 989 421 1055 demum
433 991 535 1067 redd,
552 985 1163 1076 captaHierosolymaaKltariomionia,

139 1109 282 1164 sanctam
306 1097 466 1163 civitatem
487 1116 553 1158 non
576 1093 641 1181 jam
663 1091 800 1181 amplius
823 1091 1041 1182 recipiendam
1066 1092 1164 1160 Occi-

138 1205 241 1272 dentis
266 1203 435 1270 bellatores
463 1202 640 1277 amittunt:
659 1201 724 1266 imo
747 1211 779 1265 et
804 1205 983 1288 expugnata
1011 1207 1028 1264 a
1053 1199 1165 1266 Kattto
1194 1214 1197 1222 ’

138 1308 320 1377 Iulidelium
346 1308 492 1398 principe
515 1307 597 1374 Aera
622 1306 774 1390 ciuitate,
801 1305 969 1393 penituso
999 1303 1163 1372 Palaestina

25 1440 28 1454 ¹
132 1417 349 1508 expelluntur.

192 1709 198 1714 .
271 1637 438 1708 ¹RllGNA
461 1643 515 1710 ET
540 1643 713 1717 IMPERIA
737 1645 1005 1713 OCCIDENTIS.

436 1917 440 1921 .
455 1877 605 1922 turnum!
629 1875 843 1922 condamnari.

134 2041 136 2048 ,
181 2059 355 2151 Philippos
376 2064 584 2141 Saeviente,
601 2065 763 2131 Frederici
782 2065 812 2129 ll
832 2075 932 2139 tutor,
943 2087 1016 2130 cum
1039 2063 1166 2131 Otlrorrc

140 2160 183 2249 IV
199 2163 238 2228 de
255 2165 392 2256 Imperio
405 2167 565 2257 disputet,
582 2192 646 2257 quo
663 2191 746 2234 anno
768 2169 849 2268 reoli
863 2166 1042 2244 debellato,
1061 2168 1165 2234 sicarii

12 2318 21 2328 .
138 2267 242 2356 gladio
261 2294 343 2337 anno
359 2271 504 2361 ¹sequenti
515 2286 547 2339 ct
558 2274 625 2363 ipse
640 2274 819 2362 perimitur.

182 2377 474 2470 OtholV,Philippi
483 2382 515 2446 in
525 2382 991 2470 imperioaemnlus,annorero
1008 2388 1165 2448 asummo

138 2481 294 2548 Pontiflce
317 2478 518 2553 anathemate
535 2486 738 2575 percellitur,
761 2511 799 2554 ac
821 2487 937 2552 deindo
958 2493 976 2550 a
998 2485 1165 2561 Gallorum

138 2587 224 2677 Rege
243 2590 407 2679 dejectus,
434 2617 518 2686 anno
540 2597 623 2660 1218
639 2595 759 2683 absque
773 2595 881 2661 liberis
897 2595 1043 2661 moritur.

181 2697 378 2764 Frederieoe
400 2698 448 2775 11,
470 2699 689 2766 Romanorum
706 2699 798 2774 Rex,
822 2710 894 2788 post
923 2698 1060 2766 Othonis
1087 2721 1166 2764 nna-

25 2879 29 2885 *
138 2798 259 2876 thema,
268 2825 352 2867 anno
369 2827 451 2869 roro
465 2803 641 2871 Germaniae
653 2806 831 2893 Imperator
843 2816 1015 2871 coronatur
1028 2853 1036 2880 ,
1049 2803 1166 2872 sancta}

2 2915 14 2942 '·
140 2903 246 2971 Terrae
267 2907 351 2972 riam
375 2909 481 2979 Cruce
504 2911 643 3000 signatus
672 2910 794 3001 ingredi
817 2916 834 2974 ὲ
860 2921 986 3004 summo
1009 2907 1166 2975 Pontifioe

139 3011 252 3098 saepius
275 3013 475 3080 anathemate
498 3016 683 3106 perculsus,
707 3017 840 3106 cogitur.
862 3015 997 3104 Propter
1014 3014 1165 3092 Entium,

140 3119 284 3205 spurium
292 3117 406 3199 lilium,
415 3121 569 3188 Sardiniae
578 3123 697 3212 Regem
710 3125 943 3200 renuntiatum,
952 3128 1166 3194 noraexcom-

139 3223 358 3318 municatione
384 3225 589 3313 percellitur;
613 3229 728 3293 initum
751 3251 836 3292 enno
860 3230 942 3306 1244
965 3250 1040 3294 cum
1070 3227 1167 3294 luno-

140 3331 246 3394 centio
273 3329 317 3398 lV
347 3330 449 3397 soedus
477 3333 658 3399 executioni
679 3333 831 3398 mandare
858 3344 1002 3410 recusat,
1030 3331 1166 3419 ideoque

133 3457 224 3533 *anno
240 3438 385 3526 sequenti
404 3439 444 3503 ab
469 3440 582 3506 eodem
609 3440 797 3508 Innocentio
818 3441 851 3504 in
870 3435 1015 3504 Concilio
1035 3436 1167 3527 Lugdu-

139 3539 229 3604 nensi
244 3553 258 3614 ‚'
279 3541 416 3635 generali
438 3541 520 3608 Xlll
532 3593 541 3619 ,
564 3543 733 3632 deponitur
744 3569 754 3617 ;
783 3543 869 3610 unde
892 3541 1000 3610 electis
1027 3543 1166 3630 primum

140 3643 444 3736 Henrioollecpone
466 3661 498 3714 et
522 3649 638 3739 deinde
655 3649 830 3718 Guillotmo
852 3647 1030 3714 Hellandiae
1053 3649 1165 3727 Duce,

138 3747 257 3839 pluries
276 3752 361 3820 bello
378 3777 496 3833 caesus,
516 3757 572 3824 sed
585 3755 734 3825 Ecclesiae
750 3779 801 3824 en.
826 3756 908 3822 1250
919 3755 1165 3832 reconciliatus,

139 3857 210 3924 ritae
219 3857 317 3948 finem
329 3861 474 3950 imponit.
