2940 4570
797 347 929 434 (¹24)

351 480 445 546 suerit
461 482 634 569 objectum.
655 478 834 546 Fatendum
846 479 983 567 deniqui
996 476 1114 544 illumi
1129 479 1288 546 veteribus
1300 479 1370 567 piu-

351 587 439 652 rimis
454 601 486 652 et
505 587 689 654 doctoribus
705 601 736 654 et
758 585 900 653 conciliis
915 585 1121 651 vehementer
1141 591 1291 672 tanquam
1307 587 1371 650 hae-

351 690 487 756 reticum
511 693 678 782 exagitari,
707 699 781 759 oum
806 699 823 756 h
851 691 883 757 S.
904 689 1077 756 Athanasio
1099 691 1243 756 Arianae
1264 713 1371 768 camec

351 797 462 886 procul
478 797 577 866 dubio
599 802 640 866 ita
664 798 865 890 suffragdssc
881 799 1069 874 incusetur,
1090 809 1127 862 ut
1153 820 1222 862 nau
1242 799 1369 862 ueritus

351 906 394 970 sit
406 907 521 993 palam
537 907 644 973 dicere
661 907 831 974 Christum
850 929 918 971 uon
941 928 1005 972 assc
1021 929 1138 971 aarum
1152 906 1287 982 Daum,·
1304 907 1316 992 (
1333 906 1368 970 S.

346 1009 504 1077 ¹tithanas.
525 1011 556 1077 in
576 1025 668 1081 tract.
688 1013 728 1080 dc
746 1011 867 1102 Synod.
887 1011 1019 1078 Arimin.
1041 1024 1072 1076 et
1089 1009 1213 1078 Seleuc.
1230 1012 1242 1098 )
1260 1017 1369 1077 chmh

353 1115 388 1180 B.
404 1115 600 1205 Hieronymo
611 1118 827 1208 vituperetur,
844 1116 930 1207 qubd
944 1117 1084 1207 signifer
1094 1117 1238 1182 Ariauoe
1251 1119 1372 1205 factio-

351 1217 407 1282 uis
419 1241 482 1306 pro
498 1219 640 1308 Origene
652 1221 836 1309 scripserit,
855 1219 1126 1304 Arianos-umque
1148 1219 1303 1308 princeps
1325 1245 1374 1284 cr-

342 1327 478 1391 -raucrit
496 1327 545 1389 iu·
557 1329 749 1417 dogmatum
770 1327 907 1392 acritate
917 1353 931 1404 ,·
960 1325 1116 1412 (Hieron.
1143 1320 1241 1413 Epist.
1269 1313 1372 1391 stad

352 1425 536 1497 Pammach.
555 1481 564 1507 ,
581 1443 614 1496 et
630 1429 685 1496 iih.
708 1455 736 1497 s.
755 1429 824 1494 adv.
841 1428 969 1517 Rufio.)
991 1434 1065 1494 chm
1080 1431 1255 1516 praesertim
1271 1435 1290 1493 t
1306 1429 1371 1517 Sy-

352 1532 438 1598 nodo
459 1533 666 1602 AEcumenict
690 1535 764 1602 Vll
781 1533 966 1602 traducatur
981 1540 1132 1620 tanquam
1144 1533 1177 1597 in
1192 1533 1372 1620 reprobum

284 1661 285 1664 ¹
352 1659 482 1702 seusam
502 1641 658 1718 traditus,
691 1642 744 1729 qui
771 1640 971 1706 subscribens
989 1639 1021 1704 in
1044 1637 1174 1726 Synodo
1194 1639 1371 1704 ueritatem

354 1733 530 1810 labiissuis
545 1745 744 1823 leonoraoit,
768 1769 824 1812 cor
843 1760 954 1810 autern
973 1745 1067 1834 longi
1082 1742 1123 1808 ab
1141 1750 1179 1808 cd
1196 1742 1369 1819 cohibuit,
1447 1763 1448 1782 ³

351 1847 523 1918 ueritatem
534 1852 696 1917 simulans
711 1901 719 1927 ,
735 1852 791 1916 uir
804 1849 931 1938 duplici
944 1850 1078 1923 auimo,
1107 1863 1143 1913 ut
1160 1849 1209 1914 ait
1226 1849 1375 1915 lacobus
1447 1879 1448 1934 3

350 1955 456 2040 tiator
471 1956 624 2029 Domini,
636 1954 802 2018 instabilis
812 1952 1163 2018 inmunibusuiissuis.
1173 1950 1370 2040 (Actiumfi.)
1447 1943 1448 2024 i

395 2057 489 2124 iilum
511 2073 617 2124 tamen
634 2057 944 2140 consubstantialem
959 2055 1074 2121 Filium
1091 2057 1274 2144 agnovisse,
1294 2057 1372 2124 ticet

352 2163 390 2226 ab
404 2163 437 2228 H
440 2163 579 2234 omousii
588 2162 724 2235 O‘muuu
735 2159 890 2227 vocabulo
900 2159 1039 2227 interdiu
1056 2160 1272 2237 abhorruerit,
1284 2185 1371 2250 prae-

351 2274 458 2336 sertim
483 2277 556 2338 chm
576 2271 609 2334 in
630 2268 779 2335 Ecclesiae
801 2293 879 2358 pace
902 2269 997 2334 fuerit
1020 2267 1209 2346 defunctus,
1235 2268 1371 2334 credere
1447 2341 1448 2348 ἶ

350 2373 535 2446 maluerim
559 2393 662 2461 neque
690 2373 768 2439 adet>
790 2380 920 2460 negasse
944 2371 1079 2459 Spiritus
1095 2371 1204 2438 Sancti
1220 2373 1373 2439 divinita-
1447 2417 1448 2428 κ

350 2493 415 2546 tem
431 2531 439 2556 ,
457 2479 512 2546 sed
524 2480 620 2545 modo
632 2503 706 2545 eum
721 2487 738 2545 a
751 2480 843 2544 Patre
854 2491 886 2544 et
898 2476 979 2544 Filio
994 2479 1179 2544 distinctum
1190 2490 1244 2553 ,et
1255 2485 1274 2543 a
1287 2478 1371 2544 Filio

350 2589 604 2676 proficiscentem
620 2587 773 2656 docuisse.
796 2587 880 2654 Huic
896 2585 1059 2652 sententiae
1077 2586 1321 2674 patrocinantur
1339 2597 1372 2651 et

351 2695 577 2760 Constantinus
593 2693 726 2782 Magnus
749 2694 803 2781 qui
819 2694 851 2758 in
867 2689 1000 2780 epistola
1020 2691 1059 2756 ad
1075 2691 1242 2780 Synodum
1253 2690 1371 2758 Antio-

343 2803 486 2868 chenam
500 2799 590 2866 illum
602 2799 739 2888 appellat
754 2793 1009 2865 Sanctissimum
1023 2797 1280 2863 Cscsaricusium
1290 2800 1373 2886 epis-

351 2930 487 2996 copmn,
519 2919 551 2971 et
574 2905 708 2994 plurima
733 2906 918 2994 perantiqua
941 2902 1163 2992 Martyrologia
1187 2925 1257 2990 quae
1278 2902 1371 2968 ilium

350 3009 560 3078 festisalicubi
572 3009 740 3076 celebratis
749 3012 832 3076 inter
842 3009 975 3076 Sanctos
989 3021 1200 3074 annumerant
1213 3016 1368 3098 tanquam

337 3120 533 3207 *episcopum
553 3130 585 3182 et
600 3121 834 3208 confessorem,
852 3129 884 3182 et
895 3117 1160 3182 mccllmtissimi
1171 3118 1304 3206 ingenii
1315 3121 1370 3184 oi-

350 3223 456 3309 rum.(
474 3223 607 3287 Usuard.
625 3247 661 3288 21
681 3225 770 3312 juin,
789 3221 965 3298 Nolkerus,
985 3221 1078 3308 ibid.)
1151 3233 1154 3240 '

394 3326 559 3415 Quidquid
570 3339 675 3394 autem
689 3327 728 3394 de
744 3325 868 3390 Eusebii
884 3325 947 3390 fide
957 3324 1161 3392 credendum
1176 3349 1243 3392 esse
1259 3327 1369 3392 videa·

349 3443 420 3507 tur,
443 3441 552 3496 tamen
575 3430 747 3498 dicendum
769 3442 909 3496 osteum
930 3429 963 3495 S.
983 3428 1098 3498 basilio
1119 3427 1209 3494 ilium
1234 3447 1370 3518 propter

319 3603 323 3616 ,
348 3536 531 3600 multarum
546 3559 658 3600 rerum
676 3537 835 3624 peritiam
853 3535 1007 3600 idoneum
1029 3556 1108 3609 csse,
1134 3536 1188 3598 cui
1209 3534 1371 3600 habeatur

298 3697 301 3703 .
349 3638 454 3728 sides,-
474 3641 485 3727 (
502 3639 673 3729 adatmph.
697 3664 725 3707 e.
748 3665 797 3729 29.
813 3644 825 3724 )
843 3663 917 3708 cum
939 3639 1135 3728 Hieronymo
1161 3639 1370 3706 Ecclesiasti-

349 3768 423 3810 ccm
436 3745 573 3834 pulchri
582 3744 756 3812 historiam
769 3747 925 3822 secuisse,
940 3762 1003 3810 tres
1020 3743 1120 3809 libros
1134 3745 1304 3830 scripsisse
1313 3745 1373 3809 cle—

266 3919 269 3924 .
347 3855 559 3942 gemiscimus
572 3857 680 3920 uitam
697 3851 870 3940 Pamphili
895 3853 1113 3927 continentes,
1136 3853 1252 3916 uirum
1273 3852 1372 3918 etiam

1342 4343 1354 4374 Ι
