2940 4570
828 283 840 366 t
869 285 962 368 ωδ)

394 413 566 500 Epitoaem,
579 419 809 506 Apollinares,
822 421 858 488 S.
875 423 1014 508 Optatus
1026 421 1062 488 M
1066 421 1262 496 ileuitonns,
1285 421 1324 486 S.
1347 418 1412 506 Cy-

379 521 488 586 .r·itlus
505 523 539 588 H
544 525 843 614 ierosolymitanus,
869 528 905 592 S.
920 527 1091 594 Macarius
1101 527 1224 602 sanior,
1241 527 1412 591 Parianus

392 623 664 704 Barcinonensis,
679 630 715 695 S.
733 631 910 721 Gregorius
933 631 1164 698 Nazianzenus
1178 681 1188 708 ,
1204 632 1241 699 S.
1262 629 1411 719 Anptt-

394 727 560 808 taediosa
574 733 610 798 S.
625 731 834 800 Ambrosias.
865 807 867 812 ,

868 885 937 976 st
1008 875 1012 886 ’

677 1043 867 1134 Arnottai,
889 1073 961 1146 post
976 1081 1032 1122 an.
1049 1059 1120 1122 500.

826 1252 968 1311 turmas.

438 1384 596 1450 Arnobius
618 1384 798 1450 rhetoricen
821 1387 905 1474 apud
923 1386 1048 1452 Siccam
1070 1383 1225 1452 Numidia
1242 1381 1361 1446 urbem
1378 1381 1405 1443 in

394 1490 499 1558 Africi
511 1487 638 1563 docuit,
652 1489 827 1576 imperante
836 1489 1045 1555 Diocletiano.
1062 1490 1143 1554 Ctrm
1153 1509 1296 1576 paganus
1309 1497 1403 1557 osset,

339 1635 340 1638 =
394 1585 549 1682 velletr'pue
576 1594 609 1658 in
640 1593 890 1660 Christianorum
914 1618 1083 1660 numerum
1107 1593 1247 1681 suscipi,
1272 1589 1404 1656 8libros

394 1699 541 1764 adversus
573 1696 738 1786 gentilium
772 1698 977 1764 deliramenta
1012 1699 1117 1764 adhuc
1153 1697 1403 1764 cathecumenus

391 1801 601 1890 conscripsit,
623 1814 655 1867 ct
671 1801 767 1867 veluti
790 1803 963 1868 certissima
980 1802 1056 1868 fidei
1071 1803 1202 1891 pignora
1220 1801 1376 1888 episcopis
1394 1850 1402 1873 ,

392 1921 427 1972 ut
443 1908 503 1972 sibi
526 1907 625 1996 gratia
650 1907 798 1996 baptismi
822 1908 1028 1981 traderetur,
1062 1909 1128 1996 ipse
1151 1905 1294 1972 tradidit.
1323 1907 1402 1970 Hinc

391 2013 481 2102 plura
497 2005 659 2078 catliolicae
676 2011 849 2087 doctrinae,
871 2035 966 2100 quam
985 2013 1129 2077 nondum
1145 2013 1290 2100 apprime
1311 2009 1404 2076 calle-

390 2119 466 2192 bat,
484 2139 547 2182 non
563 2116 637 2180 satis
653 2129 862 2182 consentanca
879 2118 1107 2206 reperiuntur,
1130 2116 1272 2204 illudque
1296 2117 1404 2203 impri-

391 2223 470 2296 mis,
494 2219 579 2308 quod
602 2221 739 2286 animam
765 2221 988 2310 corporalem,
1012 2227 1130 2312 suique
1148 2229 1261 2288 natura
1287 2235 1405 2286 mortu-

389 2327 454 2392 lem
466 2327 623 2403 affirmet,
648 2327 722 2394 licet
736 2329 893 2396 beneficio
910 2330 967 2394 Dei
984 2327 1170 2394 immortalis
1185 2329 1310 2394 evadat.

437 2433 524 2525 Opus
542 2433 668 2500 aliunde
684 2434 812 2500 rhetore
821 2435 1141 2523 dignum,rhetoricis
1149 2457 1213 2498 non
1226 2433 1407 2498 destituitur

384 2529 586 2604 'ornamentis
600 2546 810 2628 ,quamquam
827 2539 988 2628 cloquium
997 2539 1177 2629 impolitum
1191 2552 1223 2604 et
1235 2537 1404 2626 aliquando

389 2645 639 2710 semibarbarum
655 2646 838 2714 Africanam
854 2645 997 2715 redoleat
1017 2647 1176 2712 duritiem.
1195 2645 1286 2712 Unde
1299 2645 1406 2710 Hiero-

389 2771 503 2836 nymus
523 2773 530 2814 τ
553 2746 762 2824 «brachios,
779 2750 901 2836 inquit,
917 2749 1078 2838 inoequalis
1091 2764 1123 2816 et
1135 2751 1252 2815 nimius
1267 2800 1276 2824 ‚
1295 2762 1327 2814 et
1339 2749 1405 2812 abs-

388 2881 401 2914 »
431 2875 493 2938 que
514 2850 617 2938 operis
640 2851 687 2914 sui
708 2853 878 2938 partitione
901 2854 1092 2918 confusus.»
1116 2855 1252 2942 (Epist.
1281 2853 1337 2932 tt.
1362 2856 1404 2917 ad

388 2957 524 3022 Poulin.
538 2958 554 3042 )
575 2954 611 3022 ln
625 2955 841 3044 impugnando
854 2957 966 3022 sortior
980 3008 989 3032 ,
1007 2964 1101 3045 quam
1115 2959 1146 3023 in
1159 2958 1404 3046 propugnando,

389 3061 533 3154 gentium
550 3083 674 3126 errores
700 3061 859 3128 efficacitas
880 3061 1021 3128 infirmat
1039 3075 1071 3127 et
1092 3061 1223 3150 dejicit,
1247 3067 1344 3148 quam
1362 3087 1408 3128 ca-

385 3164 518 3230 tholicas
542 3166 732 3231 corroborat
751 3169 921 3256 statuitque
939 3170 1108 3242 veritates;
1126 3169 1212 3256 quod
1229 3169 1402 3258 Neophytis

384 3269 477 3358 vulgo
494 3269 614 3334 accidat
634 3291 762 3336 neccsse
782 3284 853 3347 est,
877 3273 953 3360 qui,
981 3273 1120 3339 nondbm
1143 3273 1286 3362 perfecta
1311 3275 1402 3340 infor-

343 3453 350 3462 Ι
385 3376 461 3442 mati
489 3375 657 3451 doctrind,
680 3376 755 3462 quid
776 3377 807 3440 in
831 3367 955 3443 dimissi
978 3377 1130 3466 religione
1149 3377 1278 3443 deficiat
1302 3381 1401 3466 potius

382 3489 477 3573 quam
505 3483 580 3570 quid
603 3483 634 3546 in
658 3489 801 3572 suscepti
828 3483 987 3572 praecellat
1016 3484 1119 3550 solent
1146 3483 1395 3572 deprehendere.

380 3591 503 3660 Nullam
521 3591 806 3675 decommcntario
827 3592 926 3658 latino
951 3593 982 3658 in
1002 3591 1165 3670 Psalmos,
1188 3593 1242 3680 qui
1266 3593 1395 3658 Arnobii

383 3701 511 3765 nomine
527 3698 775 3776 circumfertur,
794 3699 988 3764 mentionem
1005 3699 1161 3775 facimus,
1185 3702 1260 3763 rum
1278 3709 1397 3763 certum

377 3806 415 3869 sit
427 3804 488 3870 hoc
500 3810 607 3891 opust
624 3815 740 3868 nostro
760 3803 902 3870 Arnobio
918 3827 983 3868 non
1000 3803 1094 3870 fuisse
1108 3801 1318 3868 elaboratum.
