2956 4586
595 442 598 451 ,
701 387 780 476 (n
803 387 817 474 )

238 532 360 613 reret,
384 511 548 598 tandem
562 511 738 620 plenam,
754 509 836 620 qud
852 507 1053 616 gauderet,
1072 509 1283 596 victoriam

238 641 424 724 obtinere
441 639 605 722 meritus
619 639 708 737 esti
729 637 984 746 Elegantiora
1003 634 1106 718 forte
1127 637 1285 719 Tullius

239 765 303 850 vel
324 765 621 868 Demosthenes,
634 760 705 852 aad
719 763 854 846 nescio
866 790 918 844 an
931 761 1157 846 efficaciora
1166 760 1287 848 dixis·

242 907 342 976 sent.
936 885 939 892 ’

296 1017 442 1102 Nonne
464 1015 591 1124 igitur
608 1012 830 1104 timendum
851 1031 910 1098 est
929 1041 982 1096 ne
1006 1041 1188 1096 severum
1214 1041 1289 1095 nos

244 1159 403 1226 maneat
412 1139 630 1250 judicium,
651 1141 684 1222 si
694 1139 902 1250 partr'ertlo
925 1138 1018 1222 boni
1037 1139 1133 1224 doni
1147 1167 1286 1226 veem-

244 1264 313 1348 dcs
331 1269 485 1351 animos
492 1266 731 1377 praeterierit
742 1277 769 1346 ¹.

297 1389 401 1472 Cirm
418 1409 550 1472 autem
573 1390 624 1474 ad
647 1391 733 1472 haec
757 1407 939 1500 tempora
962 1391 1150 1474 reservati
1167 1391 1289 1470 simus

244 1515 394 1624 quibus
406 1544 491 1596 non
512 1517 593 1626 jaim
606 1518 740 1597 Attica
756 1515 919 1602 dicendi
936 1519 1107 1626 puritas,
1122 1544 1196 1596 nec
1211 1518 1290 1596 Ro-

245 1669 372 1724 manae
388 1642 617 1750 simplicitas
631 1643 777 1723 nobilis
794 1643 1047 1752 eloquentiae,
1067 1671 1142 1722 nec
1159 1641 1291 1748 magui

246 1765 366 1875 hujus
384 1767 536 1868 saeculi,
554 1769 620 1848 cui
635 1769 854 1876 gloriosum
877 1797 1026 1850 nomen
1046 1765 1197 1848 indidit
1214 1768 1292 1846 Lu-

247 1890 411 2008 dovicus
430 1894 538 1994 XIV,
557 1923 652 1976 vcra
670 1897 925 2004 ingenueque
943 1895 1145 1994 facundia,
1159 1893 1293 2000 pluri·

247 2018 321 2097 mis
344 2019 499 2126 placere
526 2018 773 2124 probarique
793 2016 1028 2116 videantur3
1050 2017 1119 2097 sed
1143 2043 1292 2096 novum

250 2141 455 2250 quoddam
472 2140 776 2250 inauditumque
786 2141 989 2222 veteribus
1007 2138 1209 2220 scribendi
1226 2169 1293 2248 ge·

250 2296 327 2346 nus
350 2285 582 2375 corruptam
611 2283 743 2348 mente
765 2267 884 2346 simul
904 2285 944 2348 et
974 2266 1154 2346 moribus
1172 2267 1294 2347 socie-

252 2411 373 2474 tatem
391 2393 599 2491 invaserit,
627 2420 712 2500 quo
739 2391 900 2474 doctior
926 2393 992 2504 ille
1018 2391 1188 2492 dicitur,
1223 2393 1294 2502 qui

260 2520 466 2600 sententiis
482 2519 718 2618 abstrusior,
734 2537 774 2602 et
789 2521 912 2626 magis
924 2521 1115 2632 eloquens
1131 2519 1209 2619 ille,
1223 2519 1294 2627 qui

254 2675 435 2727 sermone
452 2646 576 2751 magis
602 2642 868 2754 sesquipedali
888 2644 1097 2745 ridiculus;
1117 2644 1210 2726 cium
1229 2644 1296 2724 de-
1341 2755 1344 2760 Ι

255 2772 378 2880 nique
388 2797 596 2880 perversus
606 2771 673 2851 ille
686 2772 824 2879 stylus,
835 2770 885 2851 ad
896 2771 1121 2852 fabularum
1130 2772 1297 2878 scripto·

188 2951 193 2962 ι
256 2925 317 2978 ree
335 2898 403 2976 vix
415 2897 670 3006 ablegandus,
677 2898 759 3006 jam
772 2926 857 2977 non
867 2895 997 2978 solium
1012 2899 1105 2982 etin
1117 2897 1297 3004 philoso-

259 3023 436 3132 phorum
455 3021 766 3118 dissertationes,
784 3024 884 3102 etin
901 3025 1188 3108 historicorum
1206 3049 1298 3101 nar·-

257 3148 445 3249 rationes,
456 3165 496 3228 et
513 3150 556 3228 in
571 3146 864 3228 causidicorum
874 3150 1074 3230 orationes
1085 3141 1296 3255 irruperit,

259 3273 327 3354 sed
356 3293 395 3354 et
430 3275 516 3382 ipsa
547 3275 801 3382 thelcgcrum
826 3275 989 3383 scripta,
1015 3301 1299 3382 sacrorumque

258 3399 572 3508 praedicatorum
591 3401 804 3480 conciones
822 3399 933 3480 dulci
950 3399 1112 3510 quidem
1135 3416 1176 3477 at
1194 3427 1300 3483 mor-

257 3526 376 3609 tifero
395 3525 557 3605 iniicere
575 3555 730 3608 veneno
751 3527 936 3635 incipiat3
954 3526 1013 3604 nil
1040 3526 1134 3608 sane
1150 3552 1301 3636 oppor-

258 3654 406 3752 tunius,
424 3653 482 3732 nit
496 3653 646 3752 utilius,
657 3654 714 3731 nil
723 3650 936 3762 jucturdius
949 3681 1147 3759 emergere
1156 3665 1299 3760 potest,

170 3855 172 3861 ,
236 3779 378 3886 quam
397 3777 519 3864 Liber
539 3776 607 3858 ille
629 3779 871 3880 rhetoricus,
898 3807 1000 3887 quo,
1032 3777 1215 3887 expansis
1247 3773 1301 3858 ob

217 3960 219 3966 ’
292 3953 455 4023 arcetur,
467 3953 508 4022 ¹4·
