2990 4570
564 357 702 444 (εει)

119 493 174 559 80,
189 493 223 559 ln
239 496 349 583 cunt.)
367 544 377 570 ,
392 494 587 583 additquein
603 497 701 585 Epist.
719 517 760 582 77
776 517 784 559 :
805 493 879 560 «Ab
896 492 946 561 his
958 491 1149 560 duobueco-
1266 477 1268 482 ¹

120 623 133 660 a
165 597 304 676 lumnis,
318 599 531 688 Augustinnm
541 598 655 690 loquor
664 611 698 666 et
706 599 927 676 Ambrosium,
940 598 1037 667 credo
1052 598 1148 674 milri,

122 733 135 766 s
165 703 296 772 difficile
317 706 455 774 avellor:
468 731 544 775 cum
559 707 626 784 his,
643 709 774 798 inquam
789 758 798 785 ,
816 731 867 774 me
891 719 947 774 aut
968 711 1076 782 errare
1092 717 1149 772 aut

121 837 136 872 u
165 833 279 900 sapere
299 812 438 880 fateor.»

165 917 233 1017 Nec
253 918 306 985 alii
324 925 448 990 tantum
469 932 591 988 veteres
610 933 821 1012 recentesque
840 920 1021 998 Doctores,
1041 921 1097 987 sed
1118 932 1151 986 et

118 1023 236 1088 summi
251 1023 444 1116 Pontifices,
466 1039 500 1093 et
514 1025 650 1115 ipsamet
669 1023 803 1094 concilia
820 1025 918 1092 etiam
937 1023 1097 1114 generalia
1117 1025 1150 1090 in

117 1127 317 1206 laudandum
340 1130 555 1222 Augustiuum
579 1143 820 1199 consenserunt.
849 1117 903 1198 Sic
927 1131 1012 1202 enim
1038 1129 1150 1196 Marti-

117 1259 180 1302 nus
200 1236 252 1306 V:
278 1239 510 1330 «Quicumque
531 1239 571 1306 de
595 1239 743 1316 Christo,
764 1237 804 1305 de
825 1237 910 1315 fide,
932 1237 972 1304 de
994 1235 1149 1330 religione

117 1371 132 1404 ι
164 1343 284 1433 aliquid
301 1337 637 1436 saperent,omnibus
659 1337 692 1413 in
710 1369 767 1412 ore
785 1355 855 1413 erat
872 1343 1093 1436 Augustinus,
1113 1357 1151 1412 ut

118 1477 134 1512 a
163 1451 242 1518 nihil
261 1459 344 1542 pene
355 1477 395 1520 ex
406 1455 503 1522 sacris
514 1451 627 1535 litteris
639 1455 738 1545 possit
752 1453 813 1522 nisi
831 1477 871 1520 eo
887 1451 973 1521 duce
991 1452 1148 1544 intelligi,

117 1584 133 1619 a
164 1556 244 1626 nihil
255 1558 316 1626 nisi
328 1583 366 1628 eo
375 1561 551 1649 interprete
562 1559 725 1652 explicari.
737 1561 998 1650 onamauctore
1010 1561 1147 1637 lactum,

117 1694 133 1728 ι
162 1678 199 1732 nt
213 1689 275 1736 nec
289 1667 487 1758 philosophis
508 1670 697 1759 sapientiam
716 1668 935 1746 invideamus,
956 1693 1022 1736 non
1039 1682 1148 1750 orato*

118 1800 134 1834 a
163 1794 237 1837 rum
259 1769 477 1860 eloquentiam
493 1773 729 1850 desideremus,
744 1795 810 1838 non
827 1772 1043 1840 studiosorum
1058 1775 1149 1863 ingee

117 1906 133 1941 a
162 1876 215 1944 nia
231 1878 432 1966 requiremus
447 1929 456 1956 ,
472 1901 537 1946 non
550 1878 689 1966 denique
705 1877 798 1944 nohis
813 1899 952 1946 acumen
969 1875 1148 1945 Aristotelis

116 2011 132 2044 n
163 1981 401 2060 necessarium,
421 2000 487 2064 non
504 1980 643 2050 Platonis
664 1979 867 2070 eloquentia,
890 2005 956 2048 non
977 1979 1148 2071 prudentia

113 2117 130 2152 a
162 2086 338 2166 Varronis,
352 2111 417 2171 nou
434 2089 569 2179 gravitas
585 2088 727 2158 Socratis
740 2139 749 2167 ,
760 2112 826 2172 non
840 2089 1013 2157 auctoritas
1028 2087 1150 2178 Pytha-

116 2221 132 2256 »
163 2183 270 2282 gorae,
284 2215 350 2259 non
362 2192 566 2284 Empedoclis
579 2193 726 2272 solertia,
739 2217 804 2262 non
817 2195 1051 2286 cujuscumque
1065 2195 1150 2264 illiue
1171 2265 1177 2274 ,

118 2329 133 2364 a
163 2301 290 2392 generis
313 2301 482 2372 hominum
506 2289 641 2370 scientie
660 2325 698 2372 ac
715 2302 814 2370 virtus
839 2296 1034 2377 documento
1057 2305 1150 2374 nobis

116 2439 132 2474 a
162 2433 233 2476 esse
256 2409 383 2476 debeat.
414 2410 505 2476 Idem
527 2409 620 2476 nobis
636 2410 869 2500 Prophetarum
892 2407 1043 2486 oracula,
1060 2411 1147 2480 idem

116 2544 131 2577 s
163 2511 391 2604 Apostolorum
406 2538 500 2582 voces
512 2514 628 2592 refert,
641 2515 726 2590 idem
736 2537 866 2590 omnem
879 2516 1023 2582 omnium
1038 2516 1150 2606 Scrip-

119 2652 133 2686 a
163 2634 455 2726 turarpmtsensum
471 2621 630 2712 exprimit,
649 2619 737 2702 Unus
752 2627 917 2712 postremo
932 2621 1078 2688 omnium
1094 2621 1152 2690 Pa-

120 2755 134 2790 »
166 2742 255 2796 trum
268 2729 513 2818 sapientumque
528 2726 655 2816 ingenia
672 2749 710 2794 ac
725 2726 828 2794 studia
840 2725 980 2794 exhibet.
997 2725 1031 2794 Si
1038 2729 1151 2794 verita·
1201 2765 1205 2772 ·

118 2871 132 2905 a
163 2853 231 2906 tem
250 2835 409 2925 queritis,
426 2835 452 2900 si
468 2833 670 2922 doctrinam,
689 2835 715 2900 si
731 2835 901 2924 pietatem,
917 2835 988 2922 quis
1004 2833 1149 2914 doctior,

118 2978 132 3012 a
163 2945 233 3036 quis
245 2943 372 3033 justior,
388 2941 459 3030 quis
471 2990 480 3017 ,
494 2952 530 3006 ut
541 2940 585 3006 iu
602 2939 729 3017 dicam,
748 2939 889 3020 sanctior
908 2939 1087 3030 'Augustino
1107 2943 1144 3009 i»

119 3055 250 3145 (Suam.
272 3051 312 3118 de
327 3048 480 3126 translat.
500 3047 536 3113 S.
556 3045 704 3136 Manio.)
771 3103 773 3114 ,

166 3156 264 3238 Quod
290 3154 393 3228 solute
419 3153 567 3234 oratione
595 3151 752 3247 Martinus
776 3150 862 3241 Papa
886 3151 924 3220 V·
943 3154 1151 3220 concionator

116 3262 320 3359 praedicarit,
334 3261 420 3328 idem
432 3311 441 3338 ,
455 3255 626 3326 modulatis
638 3257 834 3338 carminibus
846 3308 855 3336 ,
869 3263 962 3348 po'e'ta
979 3257 1153 3326 celebravit

117 3373 195 3447 Pius
210 3369 242 3452 11
258 3367 405 3436 Pontifex
416 3366 577 3460 maximus
597 3389 605 3431 ε

173 3606 187 3642 a
212 3575 390 3656 Barbaricae
406 3575 510 3665 gentis
525 3573 625 3645 decus
640 3624 649 3650 ,
664 3571 859 3664 Augustine,
878 3594 1039 3662 perenne,

212 3711 224 3744 a
256 3681 393 3766 Horrida
409 3705 504 3770 quem
520 3681 613 3746 nobis
630 3661 738 3746 Africa
752 3691 842 3745 terra
854 3676 949 3744 tulit:
1001 3755 1009 3772 ν

168 3819 181 3852 »
212 3785 277 3866 Qui
290 3785 530 3875 scripturarum
546 3786 669 3874 profers
681 3807 798 3854 aroana
811 3806 1000 3880 sacrarum,

215 3923 229 3956 s
261 3889 401 3980 Eloquiis
417 3914 561 3958 reserans
577 3892 684 3958 abdita
706 3902 823 3962 cuncta.
835 3889 898 3956 tuis
907 3915 916 3980 ἦ
