2960 4592
457 332 460 340 ¹
556 357 693 445 (iia)

108 497 242 564 nestorii
258 519 357 574 curae,
368 517 453 563 anno
467 497 545 584 795,
563 495 603 561 ab
620 495 734 562 eodem
751 493 883 564 Platone
898 499 1067 586 praefectus
1082 511 1140 564 est.

108 589 314 674 Constantini
339 606 542 696 Copronymi
570 657 579 681 ,
611 607 666 694 qui
697 607 825 672 detrusti
854 607 887 672 in
913 608 1146 680 monasterium

109 713 252 804 legitima
263 713 487 791 uxorellarih,
503 713 708 780 Theodoram
720 715 927 780 matrimonio
938 737 1047 782 eoram
1057 713 1146 781 «lose-

109 824 179 912 pho
188 821 481 912 OEoonomoprave
492 836 688 912 susceperat,
699 820 861 888 adulterio
873 819 999 888 sortiter
1008 821 1143 888 obstitit.

85 949 87 956 ’
112 931 208 999 Unde
224 932 264 998 ab
282 932 396 998 eodem
408 931 605 1021 Imperatore
618 951 694 999 cum
711 930 860 998 undecim
879 929 1046 998 monachis
1062 929 1147 998 able·

111 1047 205 1124 gatus
225 1050 283 1102 est
1113 1043 1117 1066 ¹

157 1144 234 1225 Quo
253 1144 425 1221 defuneto,
449 1143 760 1236 Constantinopolim
775 1143 922 1235 repetiit,
941 1145 998 1210 ubi
1013 1153 1148 1233 proptor

112 1250 378 1315 Barltarorum
368 1251 567 1318 incursiones
600 1249 790 1340 Olympium
822 1263 967 1318 montem
994 1251 1146 1316 deserere

111 1365 246 1422 coactus
256 1354 435 1432 ,¹Studense
450 1355 681 1421 monasterium
701 1353 887 1444 aliquandiu
904 1357 1029 1445 inpaoe
1044 1354 1148 1420 admi-

112 1461 269 1527 nistravit.
297 1461 380 1527 Cum
403 1473 511 1527 autem
536 1461 719 1551 Nicephoro
746 1460 944 1529 Patriarohae
968 1460 1148 1551 ‹losephum

112 1567 342 1634 OEoonomum
364 1566 449 1633 malo
472 1567 654 1638 restituenti
670 1567 787 1634 iterium
801 1567 989 1644 obsisteret,
1006 1565 1148 1655 Synodi-

111 1695 175 1760 que
194 1673 387 1740 sententiam
406 1671 586 1738 secundum
606 1669 808 1737 Constantini
824 1673 1066 1738 matrimonium
1090 1695 1148 1762 ap·

111 1775 1148 1864 probantemadmiuareraumara,ineufimatoravioeaman-

113 1884 292 1974 datur,quo
308 1885 441 1951 minime
452 1881 603 1973 compelli
618 1885 724 1974 potuit
731 1935 745 1961 .,
771 1898 827 1964 ut,
849 1886 968 1975 scripta
983 1887 1082 1952 etiam
1109 1885 1150 1950 ad

113 1991 255 2064 Leonem
270 1991 320 2062 lll
332 1992 484 2082 epistola,
502 1991 706 2060 Mechlesos
718 2017 832 2076 vocare
844 2007 983 2064 cessaret
1001 1993 1150 2063 adversa-

114 2098 188 2162 rios.
208 2098 303 2165 Anno
320 2101 379 2163 811
396 2097 707 2188 Constantinopolim
724 2105 741 2163 a
766 2099 922 2166 Michahle
934 2100 949 2166 l
960 2113 1148 2177 revocatus,

81 2217 86 2223 '
115 2206 350 2295 Nicephorique
374 2205 568 2278 Patriarchae
583 2231 596 2284 ,¹
613 2206 746 2297 expulso
770 2207 913 2301 losepho
932 2207 1148 2290 OEcouomo,

116 2315 289 2381 amicitiam
309 2317 425 2382 iterhm
450 2315 636 2404 amplexus,
658 2329 770 2382 contra
796 2316 938 2382 Leonem
958 2316 1150 2386 Armenium

114 2444 175 2509 pro
193 2421 378 2510 imaginum
400 2420 515 2498 uitta,
535 2422 579 2488 ita
605 2421 731 2488 fortiter
750 2419 933 2496 dimicarit,
956 2433 1003 2484 ut
1014 2421 1148 2488 tertium

115 2527 242 2593 subire
250 2541 420 2616 cogeretur
450 2525 601 2604 exilium,
624 2526 709 2597 uude
738 2525 786 2604 vel
813 2526 948 2592 incitare
964 2525 1017 2593 ael
1034 2550 1149 2620 eopso-

115 2632 173 2697 lari
194 2633 379 2699 Catholioos
395 2657 461 2698 non
479 2632 535 2698 des
522 2633 610 2698 s.titit
630 2629 815 2721 Imperante
838 2643 911 2720 post
927 2631 1069 2698 Leonem
1089 2630 1150 2700 Mi-

116 2736 337 2808 chaalomtbo
342 2737 667 2828 ,Constantinopolim
676 2737 1146 2828 redeuudiliceutiamacoepih
1172 2765 1174 2774 s

115 2842 171 2908 scd
195 2848 270 2910 cium
290 2842 453 2910 liberrime
471 2844 557 2934 loqui
576 2857 813 2934 perseveraret,
832 2844 876 2912 ad
891 2858 1018 2934 tempus
1033 2845 1150 2916 iterum

114 2951 234 3021 cedere
250 2964 380 3020 coactus
393 2965 450 3020 est.
466 2953 610 3022 Instante
630 2953 695 3042 jam
717 2955 790 3020 vitae
812 2955 968 3031 termino,
990 2955 1150 3044 Nicepho-

116 3081 189 3124 rum
217 3057 434 3132 patriarcham
468 3074 662 3152 caeterosque
692 3061 799 3128 exules
830 3062 967 3138 invisit,
1003 3084 1150 3152 annoque

118 3161 237 3230 Christi
254 3166 338 3240 826,
362 3165 464 3230 aetatis
488 3173 562 3232 vero
580 3167 693 3254 67,1n
727 3166 887 3234 Chalcidis
917 3165 1019 3236 insulsi
1037 3167 1150 3257 plenus

118 3271 243 3336 meritis
264 3271 488 3338 obdormirit
480 3297 512 3338 ru
535 3273 684 3340 Domino.

164 3379 252 3446 Inter
269 3381 431 3468 praecipua
452 3381 521 3469 ejus
536 3403 633 3471 opera
652 3393 886 3448 recensentur:
909 3393 939 3446 ιθ
941 3425 949 3446 .
975 3381 1151 3446 Semnones

124 3485 204 3564 154,
226 3507 295 3572 quae
318 3485 430 3552 Latine
454 3489 578 3552 tantiam
601 3488 813 3576 prodierunt.
832 3498 864 3552 et
889 3487 1024 3574 Magnae
1050 3485 1151 3556 ¹Cute

93 3625 96 3643 ·
120 3591 224 3658 clausas
244 3605 399 3659 vocantur
412 3619 421 3666 a
445 3594 605 3659 hahentur
620 3606 652 3659 et
667 3595 790 3658 Parvo
807 3591 992 3658 Catacheses
1006 3591 1150 3657 nondum

121 3703 153 3766 in
175 3700 280 3768 lucem
305 3703 445 3776 emissae;
469 3713 510 3766 2⁰.
531 3699 741 3768 Particulares
753 3699 898 3787 quaedam
916 3697 984 3764 aliae
1000 3699 1041 3764 de
1058 3699 1150 3765 variis

123 3810 331 3889 Concioncs;
361 3811 411 3881 5⁰„
433 3806 610 3875 Tractatus
630 3807 828 3897 dogmaticus
845 3805 885 3871 de
900 3805 1001 3873 Culta
1018 3805 1151 3897 Iruogi-
