2956 4586
583 339 594 423 t
618 337 696 426 tr)

578 535 599 628 g
625 534 690 604 111.

288 697 432 787 Selectos
447 721 603 787 lustinus
618 736 773 811 martyr,
790 743 846 785 aa.
871 721 941 807 157.
1059 725 1063 736 '

441 971 443 974 .
560 933 770 984 dulim»,
857 969 861 986 ,
947 954 951 964 ·
1048 938 1081 962 ·’

158 1103 303 1168 Sanctus
312 1099 337 1164 J
339 1099 470 1169 eatinus
482 1120 520 1164 ex
536 1095 687 1165 Samariae
701 1070 864 1186 provincii
878 1148 889 1176 ,
905 1079 1088 1196 Neapolis
1071 1105 1145 1166 vero

113 1209 242 1278 civitate
269 1203 444 1281 oriundus,
469 1204 579 1271 Prisco
579 1215 693 1302 patre
714 1216 747 1268 et
770 1203 910 1294 Bacchio
931 1217 1024 1274 atavo
1051 1217 1145 1276 natus

112 1318 198 1382 ench
215 1335 338 1384 annum
353 1310 474 1386 Christi
492 1309 576 1384 105,
594 1331 658 1375 non
672 1307 890 1378 Samaritanus
906 1310 1077 1402 religione
1089 1311 1144 1397 sed

112 1443 273 1512 paganus,
287 1413 511 1506 ephilosopho
525 1413 740 1490 Christianus,
754 1437 878 1484 sacram
890 1417 1069 1487 doctrinam
1080 1441 1145 1486 non

112 1532 257 1602 temere,
274 1523 330 1592 sed
345 1521 544 1620 postlonges
568 1519 710 1588 veritatis
735 1519 1002 1610 disquisitiones,
1025 1545 1143 1593 ιιιιιιιιιιι

114 1657 211 1724 egens
226 1631 355 1698 circiter
366 1628 632 1721 trigesimum,
609 1649 675 1690 non
692 1625 820 1692 imbibit
833 1628 951 1704 modo,
968 1628 1025 1694 sed
1042 1641 1074 1694 et
1089 1651 1145 1713 ore

116 1751 151 1803 et
161 1739 283 1826 scripto
299 1734 449 1800 advorsirs
466 1732 595 1801 Judaeos
618 1710 651 1798 et
673 1732 829 1803 Ethnieos
851 1731 1004 1800 defendit.
1025 1733 1146 1800 Audie-

118 1867 188 1910 mus
198 1843 312 1932 ipsum
323 1840 394 1930 quis
411 1841 473 1914 sit,
494 1862 558 1928 quo
574 1861 691 1928 genere
702 1849 734 1902 et
748 1862 812 1931 quo
828 1837 901 1904 loco
917 1853 1011 1906 natus
1024 1839 1145 1930 Apolo-

116 1950 176 2042 gire
193 1946 286 2014 initio
302 1941 501 2022 evolventem
519 1943 568 2009 his
580 1943 711 2010 verbis:
724 1943 941 2036 «Imperatori
966 1943 1039 2010 Tito
1060 1942 1145 2010 AElio

115 2084 128 2118 s
160 2052 306 2122 Adriano
322 2049 485 2118 Antonino
502 2047 579 2127 Pio,
595 2035 712 2115 Caesari
726 2049 887 2140 Augusto,
901 2051 1143 2130 etVerissimo,

114 2191 126 2225 s
158 2161 226 2232 filio
251 2159 426 2250 adoptivo,
445 2157 644 2224 humanioris
663 2157 850 2224 litterature
871 2157 1013 2236 fautori,
1036 2183 1145 2228 sacro·

116 2299 128 2332 s
161 2279 273 2334 saneto
292 2266 390 2330 etiam
403 2263 528 2330 senatui
544 2273 577 2330 et
592 2261 712 2354 populo
729 2263 894 2344 Romano,
908 2289 967 2356 pro
979 2265 1028 2332 his
1040 2267 1145 2355 quiex
1242 2295 1245 2302 ⁴

117 2402 129 2434 s
161 2373 309 2438 universo
321 2368 491 2436 hominum
503 2393 619 2460 genere
632 2369 792 2438 immerito
801 2383 833 2436 et
846 2371 967 2460 injuste
979 2373 1146 2462 rapiuntur

116 2506 129 2540 ι
162 2478 195 2548 'ut
215 2477 347 2552 odium,
377 2474 621 2571 ignominiisque
648 2489 827 2554 vexantur,
858 2476 1023 2554 Justinus,
1047 2475 1145 2548 Prisci

117 2567 298 2650 »Bacchii
308 2580 416 2656 salius
429 2604 468 2648 ex
483 2593 578 2670 gente
590 2581 697 2652 Flavia
712 2581 860 2673 Neapolis
873 2583 961 2652 urhis
974 2582 1074 2672 Syrie
1084 2584 1146 2652 Pa-

115 2717 129 2750 »
159 2685 304 2761 lestinae,
319 2708 449 2752 unusex
461 2684 588 2754 diorum
602 2709 757 2764 numero,
772 2685 905 2776 supplex
917 2686 1063 2755 ohnoxns
1074 2711 1144 2778 pre

115 2825 127 2857 s
160 2795 251 2862 cibus
263 2795 348 2860 hane
364 2817 471 2860 meam
487 2795 674 2884 petitionem
690 2795 800 2864 offero.
807 2825 820 2858 s
917 2869 920 2879 Ι
940 2865 943 2875 ,

162 2901 334 2984 Quomodo
357 2913 466 2968 eutem
486 2901 528 2968 ad
549 2901 713 2992 religionis
734 2903 959 3000 cognitionem
966 2904 1146 2995 pervenerit

115 3007 150 3074 in
165 3005 291 3096 dialogo
307 3029 381 3074 eum
403 3007 578 3098 Tryphone
600 3023 786 3076 narrantem
808 3011 924 3077 iterhm
946 2993 1143 3098 audiamus3

124 3137 138 3170 ι
162 3109 213 3176 Me
230 3109 337 3176 Stoico
354 3110 482 3178 cuidam
494 3111 590 3186 dedi,
605 3124 701 3205 atque
713 3137 789 3181 eum
800 3112 863 3182 hoe
874 3099 970 3204 longo
987 3114 1062 3180 satis
1079 3137 1146 3180 ver-

117 3245 131 3278 »
162 3227 249 3284 satus
264 3228 435 3306 tempore,
455 3217 532 3306 quio
549 3216 628 3282 nihil
645 3217 780 3306 amplius
801 3217 841 3283 de
859 3219 926 3284 Deo
943 3218 1144 3296 didiceram,

116 3351 129 3385 s
162 3324 202 3388 ab
227 3347 266 3388 eo
281 3324 399 3390 descivi
414 3335 446 3386 et
462 3322 504 3388 ad
530 3321 628 3390 elium
651 3349 704 3392 mo
730 3325 874 3402 contuli,
898 3306 1144 3419 Peripateticum

115 3455 129 3489 ι
160 3428 354 3502 vocitatum,
377 3426 562 3502 hominem,
590 3440 625 3494 ut
651 3429 786 3518 ipsomet
809 3425 1037 3506 existimabat,
1065 3453 1144 3496 acu-

116 3562 130 3594 »
160 3544 242 3598 tum.
261 3529 322 3598 Hic
338 3529 914 3633 meprimisdiebussecumpossus,
931 3540 1143 3633 posteampr-
1167 3623 1175 3629 ἱ
1240 3569 1244 3574 -

116 3667 129 3699 s
161 3638 306 3705 cedema
323 3661 376 3703 me
393 3637 452 3704 sihi
470 3638 627 3730 designari
649 3639 761 3728 petiit,
784 3663 825 3706 ne
845 3637 1046 3736 infructuosa
1063 3612 1142 3703 mihi

116 3757 245 3819 »esset
259 3769 338 3822 eum
354 3769 392 3810 eo
409 3747 620 3813 consuetudo.
649 3748 717 3836 Ego
736 3752 812 3812 voro
828 3725 919 3811 iilum
935 3745 1050 3810 hanc
1040 3767 1141 3838 ipsam

83 3865 88 3870 ·
114 3880 127 3912 s
160 3851 203 3922 ob
227 3875 357 3920 eausam
383 3849 515 3942 reliqui,
544 3875 584 3935 ne
609 3849 835 3942 philosophum
855 3849 985 3938 quidem
1006 3849 1139 3914 omnino
